3154 5016
437 386 523 443 VITA
541 386 716 443 ANSKARII
734 385 1049 442 subremanere.
1273 392 1307 446 31

182 545 288 626 coepit
308 548 378 609 toto
402 543 507 609 oordis
530 543 655 608 fervore
676 542 710 606 in
730 563 840 607 amore
858 541 918 607 Dei
936 541 1147 608 exardescere
1165 547 1198 607 et
1215 563 1308 608 omne

181 629 335 713 gaudium
363 632 561 709 existimare,
593 630 620 693 si
647 628 810 693 lucrandis
838 628 900 692 sibi
928 628 1096 692 animabus
1123 627 1235 694 liceret
1261 629 1308 693 in-

182 718 303 780 sistere.
360 715 394 780 Si
423 715 500 798 quid
529 735 656 798 quoque
686 715 719 778 in
748 713 932 779 huiusmodi
957 713 1155 797 profectione
1183 720 1309 778 contra-

180 803 307 867 rietatis
337 803 402 865 sive
431 801 633 866 adversitatis
663 801 692 864 ei
719 802 896 883 potuisset·
929 800 1111 880 acciderel,
1140 802 1310 884 proposuit

182 889 289 952 animo
321 889 483 970 patienter
510 907 569 971 pro
601 886 729 950 Christo
757 887 912 967 tolerare;
944 885 1105 968 nihilque0
1134 886 1308 951 dubietatis

180 975 214 1038 in
241 972 337 1038 corde
364 980 464 1056 prot
450 973 509 1038 tali
535 972 669 1055 gerebat
696 993 805 1054 opere,
833 974 985 1056 quoniam
1012 973 1144 1036 visionis
1171 972 1307 1052 divinae,

182 1080 279 1142 quam
295 1064 368 1124 ante
386 1059 599 1143 praeviderat
619 1058 848 1123 consolabatur
866 1079 1006 1122 munere
1048 1057 1243 1141 Siquidemt
1244 1080 1308 1122 em-

180 1167 259 1228 pore
288 1166 386 1228 supra
408 1145 509 1225 dicto,
539 1166 612 1209 cum
635 1142 722 1226 apud
743 1165 799 1208 vos
823 1149 1004 1209 moraretur
1033 1146 1099 1208 et
1090 1165 1156 1208 ram
1182 1144 1308 1209 duabus

181 1231 358 1296 visionibus
390 1231 486 1295 caelit
472 1237 524 1295 tus
553 1231 729 1313 inspiratus
758 1229 893 1295 haberet
879 1237 946 1309 tur,
977 1230 1116 1312 quadam
1143 1235 1237 1295 nocte
1262 1231 1308 1295 vi-

181 1338 252 1381 sum
274 1322 324 1383 est
346 1318 384 1396 ei,
408 1317 495 1400 quod
518 1316 728 1380 devenisset
720 1338 753 1379 ιιι
775 1316 936 1398 quandam
961 1315 1101 1396 domum,
1125 1316 1181 1380 ubi
1199 1316 1308 1399 plures

181 1424 221 1467 ex
246 1402 357 1468 ordine
379 1402 640 1485 praedicatorum
663 1400 706 1466 ad
726 1401 936 1485 praedicandi
959 1400 1099 1465 officium
1121 1405 1308 1485 praeparati

181 1488 341 1553 astabant.
392 1487 508 1552 Coram
535 1488 653 1570 quibus
680 1486 787 1553 subito
814 1489 847 1552 in
876 1509 1009 1553 excessu
1039 1490 1153 1551 mentis
1183 1495 1306 1571 raptus,

181 1574 311 1640 videbat
339 1575 488 1639 immensi
516 1574 644 1638 luminis
675 1574 856 1638 claritatem
886 1595 982 1657 super
1009 1573 1086 1637 solis
1112 1573 1241 1639 radium
1267 1574 1307 1638 de

182 1661 270 1725 caelo
298 1661 446 1725 emissam
474 1682 508 1725 se
536 1658 795 1724 circumfulsisse.
846 1659 988 1742 Cumque
1011 1660 1198 1741 miraretur,
1229 1659 1306 1743 quid

180 1745 242 1811 hoc
265 1753 362 1826 esset,
390 1766 452 1810 vox
478 1766 607 1829 quoque
632 1767 713 1829 pene
736 1746 849 1810 similis
871 1746 934 1824 illi,
962 1766 1058 1829 quam
1080 1747 1113 1810 in
1135 1747 1240 1828 prima
1261 1748 1306 1810 vi-

182 1833 270 1898 sione
293 1853 327 1896 se
350 1831 478 1896 audisse
500 1837 698 1912 narraverat,
726 1831 814 1897 facta
836 1838 885 1896 est
907 1830 949 1896 ad
971 1853 1054 1911 eum,
1078 1833 1200 1896 dicens:
1238 1833 1307 1896 ‘Di-

180 1919 312 1982 missum
335 1925 383 1982 est
404 1923 573 2001 peccatum
590 1918 706 1982 tuum'.
749 1917 808 1982 Cui
830 1918 894 1997 ille,
918 1917 1052 1997 *divina
1076 1925 1113 1982 ut
1136 1918 1305 2000 credimus,
1320 1937 1409 1990 *asor

181 2005 297 2086 spiritu
318 2002 463 2084 afflatus,
486 2003 666 2087 respondit,
690 2003 814 2068 dicens:
850 2003 1010 2084 ‘Domina
1033 2003 1179 2085 quidvis
1201 2011 1238 2069 ut
1260 2004 1307 2068 fa-

181 2090 309 2154 cismf'·
345 2090 387 2153 Et
413 2091 530 2154 iterum
556 2111 618 2154 vox
644 2091 766 2170 sonuit,
796 2089 919 2154 dicens:
960 2089 1062 2153 ‘Vade
1089 2094 1122 2154 et
1150 2093 1308 2156 annuntia

180 2176 329 2258 gentibus
360 2176 493 2241 verbum
514 2176 575 2240 Dei
585 2177 602 2240 '.
657 2176 751 2239 Hanc
780 2176 892 2274 itaque
922 2176 1077 2240 visionem
1108 2196 1218 2240 servus
1248 2176 1307 2241 Dei

181 2266 383 2344 pertractans
410 2263 532 2340 anime,
562 2261 667 2326 laetus
689 2261 882 2360 gaudebat
873 2283 906 2324 ιιι
929 2261 1082 2341 Domino,
1110 2260 1308 2326 videns1am

182 2368 220 2410 ex
249 2353 343 2430 parte
378 2312 571 2446 completdm
602 2345 689 2430 quod
724 2348 829 2413 sibi
820 2354 959 2430 imperat
959 2369 1013 2412 um
1044 2312 1165 2428 fderat,
1204 2355 1236 2413 et
1222 2349 1308 2413 tad

181 2432 335 2498 maiorem
362 2433 485 2499 laboris
508 2435 559 2498 sui
585 2433 747 2499 cumulum
769 2435 867 2498 etiam
890 2433 1070 2499 Sueonibus
1091 2434 1224 2498 verbum
1247 2434 1308 2500 Dei

181 2520 377 2584 annunciare
399 2523 540 2603 cupiens.
587 2518 686 2584 Cumd
707 2522 818 2603 itaque
838 2528 894 2584 ant
895 2541 912 2584 e
930 2521 1146 2602 praesentiam
1166 2522 1307 2585 caesaris

180 2604 339 2670 adductus
361 2607 580 2688 interrogatus
602 2605 643 2670 ab
666 2627 704 2670 ec
727 2605 850 2686 fuisset,
873 2613 981 2670 utrum
1005 2606 1198 2690 legationem
1217 2606 1307 2671 illam

182 2693 344 2774 suscipere
360 2691 466 2770 vellet,
489 2691 594 2756 libera
610 2713 688 2756 voce
705 2691 882 2775 respondit,
906 2713 940 2757 se
958 2698 1110 2775 paratum
1128 2691 1169 2756 ad
1189 2694 1306 2773 omnia,

180 2788 421 2860 quaecumquee
455 2777 504 2841 illi
537 2797 597 2861 pro
626 2776 746 2842 Christi
777 2778 906 2842 nomine
936 2798 996 2842 sua
1026 2779 1222 2842 auctoritate
1253 2778 1308 2843 de·

182 2863 335 2927 crevisset
356 2864 530 2945 iniungere.

268 2949 337 3016 10!
390 2948 478 3012 Tunc
510 2948 570 3012 Dei
601 2948 771 3013 ordinante
803 2948 1004 3031 providentia
1036 2951 1157 3014 socium
1188 2950 1236 3015 illi
1269 2973 1307 3015 ex

180 3039 287 3099 vestra
317 3034 522 3100 fraternitate
550 3034 743 3100 venerabilis
771 3034 873 3099 abbas
902 3035 1023 3100 invenit
1044 3047 1207 3100 nonnumg
1228 3037 1307 3102 Wit-

180 3121 336 3202 marumh,
368 3126 460 3186 tanto
491 3121 581 3204 operi
611 3121 691 3185 satis
720 3121 765 3184 et¹
796 3121 987 3205 condignum
1019 3127 1052 3186 et
1079 3123 1304 3187 voluntarium.

180 3205 282 3272 Porro
319 3229 390 3272 oum
421 3207 576 3272 Herioldo
613 3227 681 3272 esse
715 3205 876 3289 disposuit
908 3213 1035 3289 patrem
1067 3207 1307 3273 devotissimum

180 3291 408 3372 Gislemarum,
436 3291 499 3358 fide
522 3301 554 3358 et
576 3293 726 3376 operibus
749 3293 843 3357 bonis
865 3293 1039 3377 probatum
1061 3300 1159 3377 atque
1182 3295 1215 3358 in
1237 3295 1305 3360 nelo

179 3378 241 3443 Dei
258 3379 534 3444 ferventissimum.
569 3379 716 3462 Suscepit
728 3383 839 3461 itaque
852 3378 1045 3463 legationem
1059 3380 1122 3445 sibi
1135 3402 1155 3446 a
1174 3401 1305 3445 caesare
1319 3396 1395 3444 seor

179 3465 369 3544 iniunctam,
398 3471 434 3529 ut
462 3467 496 3529 in
521 3472 631 3548 partes
657 3467 721 3530 iret
747 3464 908 3536 Sueonum
939 3471 972 3528 et
998 3465 1166 3548 probaret,
1196 3471 1306 3530 utrum

179 3550 317 3632 populus
339 3548 394 3615 ille
417 3549 460 3614 ad
483 3551 676 3615 credendum
696 3556 830 3633 paratus
853 3554 951 3630 esset,
975 3551 1059 3615 sicut
1081 3553 1171 3614 missi
1194 3573 1306 3650 supra-

180 3634 289 3699 dicti'
280 3656 355 3699 inno
357 3641 495 3700 tuerent
540 3636 581 3700 In
603 3657 668 3719 qua
687 3636 783 3734 legat
774 3656 848 3701 rone
870 3642 994 3718 quana
1015 3657 1177 3719 quamque
1196 3640 1306 3719 gravia

179 3741 350 3804 perpessus
387 3722 430 3786 sit
463 3722 562 3799 mala,
599 3721 756 3785 melius'
747 3743 817 3804 ipse
851 3723 906 3804 qui
941 3721 1088 3787 interfuit
1074 3723 1267 3806 tpraedict
1268 3744 1305 3788 us

178 3812 236 3888 pat
237 3829 272 3871 er
313 3805 512 3873 Witmarusk
546 3772 695 3872 intimare
736 3808 868 3906 poterit.
935 3805 1036 3872 Nobis
1078 3807 1140 3874 hoc
1181 3815 1251 3874 tant
1252 3831 1306 3874 um

180 3913 331 3988 narrasse
360 3891 514 3973 sufficiat,
545 3892 644 3975 quod,
676 3892 787 3956 dum
778 3915 812 3956 ιιι
834 3892 939 3957 medio
962 3893 1029 3958 fere
1052 3901 1158 3960 essent
1181 3896 1304 3975 itinere,

180 3977 213 4040 in
234 3983 366 4062 pyratas
395 3978 605 4047 offenderunt
655 3978 698 4043 Et
726 3999 799 4043 cum
820 3979 1052 4078 negotiatores,
1082 3981 1137 4064 qui
1164 3982 1305 4046 cumeis

181 4062 287 4142 ibant,
318 4085 351 4128 se
380 4065 515 4129 viriliter
544 4064 758 4144 defenderint,
789 4072 822 4129 et
848 4067 952 4147 primo
980 4065 1110 4150 quidem
1138 4067 1305 4132 victoriam

180 4149 358 4231 coeperint,
393 4152 427 4213 in
462 4150 601 4216 secundo
636 4153 758 4216 tamen¹
799 4150 841 4216 ab
876 4151 996 4216 eisdem
1030 4153 1154 4236 pyratis
1189 4151 1305 4217 devicti

179 4336 201 4388 1)
215 4337 340 4387 potuissent
352 4349 407 4379 corr
421 4340 561 4388 potuissetl.
630 4340 654 4445 1)
668 4341 803 4382 secederet
815 4342 864 4386 131
929 4339 1135 4391 1)(11111111128.
1197 4339 1305 4390 dlnccum

179 4399 231 4438 cap
241 4386 334 4438 (10)1’111.
344 4389 371 4428 Β.
424 4390 446 4442 1)
459 4393 530 4439 quet.
541 4393 561 4432 8.
609 4392 627 4440 s)
649 4391 1036 4444 24)s?s.s1wzdo.g)nonums
1075 4391 1267 4444 h)w1mrrum2.
1282 4396 1304 4444 8;

179 4441 319 4486 Wltlmerum
336 4440 425 4481 8111111.
478 4442 596 4494 1.)Μῖ
610 4445 629 4487 8.
676 4444 700 4496 k)
713 4444 854 4485 thnrust.
903 4443 942 4496 l)'
933 4456 957 4484 11
969 4455 1036 4495 marg.
1049 4445 1119 4484 eudem
1131 4455 1160 4487 11.
1173 4447 1279 4496 nunti.
