3154 5016
266 353 300 408 46
522 351 608 408 VITA
626 351 801 406 ANSKARII
819 351 922 407 AUCT.
940 351 1133 408 RIMBERTO.

265 506 385 570 nullius
407 505 538 586 indiget.
588 505 662 588 lpse
685 526 812 589 quoque
835 506 954 586 omnia,
983 527 1066 588 quae
1087 527 1146 589 pro
1170 506 1239 570 eius
1261 506 1388 571 nomine

266 614 285 657 a
306 590 455 656 fidelibus
477 592 564 655 illius
587 592 621 655 in
641 593 850 656 necessitates
868 613 1046 676 pauperum
1065 614 1103 657 ac
1122 613 1286 657 servorum
1303 592 1390 656 illins

266 677 441 742 distributa
462 677 591 756 fuerint,
614 678 647 741 in
670 678 801 742 caelesti
822 698 920 760 regno
944 677 1229 762 recompensabat
1280 677 1391 755 Quod*

265 764 312 828 ita
341 783 424 842 esse,
454 784 493 826 ne
524 763 631 845 aliquo
661 763 755 827 modo
786 762 965 844 dubitareS,
997 772 1029 830 et
1057 787 1097 829 ne
1123 771 1155 829 te
1183 785 1295 829 census
1323 764 1392 828 dati

265 849 450 914 distributio
481 850 653 931 peniteret,
685 849 747 914 hoc
777 854 810 914 te
840 851 996 914 Dominus
1027 851 1183 915 miraculo
1213 848 1392 915 certificare

265 935 414 1017 dignatus
444 941 500 999 est.
552 935 622 998 Hoc
645 936 763 1000 etiarnb
785 937 889 1020 signo,
918 935 1005 1019 quod
1026 943 1130 1002 mater
1151 942 1305 1000 tuacum
1327 936 1392 999 Do-

265 1022 352 1084 mino
381 1021 470 1085 salva
497 1021 552 1102 sit,
582 1019 718 1086 firmiter
745 1022 852 1102 erede3
882 1021 942 1088 hoc
968 1023 1124 1087 miraculo
1148 1022 1326 1102 admonita,
1356 1028 1393 1086 tu

265 1127 391 1189 quoque
418 1113 477 1171 tua
501 1127 560 1189 pro
584 1106 712 1172 Christo
740 1107 818 1173 dare
841 1131 880 1172 ne
902 1110 1062 1188 timueris,
1094 1115 1196 1189 certa,
1225 1108 1310 1190 quod
1332 1106 1393 1171 tibi

266 1214 285 1256 a
316 1193 454 1257 Domino
488 1193 818 1276 recompensabuntur
848 1197 881 1258 in
913 1196 1019 1260 caelis.
1076 1194 1144 1259 Ista
1176 1215 1251 1277 ergo
1283 1193 1341 1258 tibi
1374 1214 1394 1257 a

265 1278 356 1343 Deo⁰
379 1279 500 1343 donata
521 1285 579 1343 tua
602 1284 685 1360 sunt,
716 1286 749 1344 et
769 1287 826 1345 tuo
849 1280 995 1360 arbitrio,
1020 1281 1317 1364 quomodocumque
1339 1300 1393 1343 vo-

265 1365 374 1446 lueriS,
398 1386 436 1429 ea
458 1364 668 1448 dispensabis.
713 1365 797 1430 Nam
820 1388 961 1450 eaquae
982 1369 1015 1432 in
1036 1388 1112 1431 usus
1130 1373 1203 1430 tuos
1223 1386 1393 1448 acceperas

266 1452 335 1533 ipse
365 1451 426 1516 tibi
457 1451 591 1516 reddere
621 1451 739 1533 noluit,
772 1453 849 1534 quia
880 1474 918 1517 ea
948 1458 1075 1518 tantum
1107 1473 1165 1516 sua
1195 1452 1394 1534 benignitate

264 1537 429 1615 retribuit,
458 1558 541 1620 quae
566 1557 625 1619 pro
650 1539 718 1602 eius
741 1559 850 1604 amore
872 1538 905 1603 in
927 1559 1085 1622 pauperes
1107 1538 1194 1602 illius
1218 1537 1394 1602 distributa

265 1622 428 1686 fuerintd’.
470 1621 595 1706 Igitur⁰
617 1630 691 1706 post
711 1645 875 1689 excessum
893 1625 1051 1708 praedicti
1069 1625 1128 1689 viri
1147 1623 1310 1706 Herigarii
1328 1625 1393 1686 iam

265 1716 461 1772 memoratus
498 1709 668 1774 sacerdosf
703 1709 880 1794 Ardgarius
914 1722 1046 1776 amoreg
1077 1711 1257 1790 solitariae,
1297 1730 1394 1791 quam

266 1800 339 1858 ante
362 1794 512 1874 duxerat,
540 1796 627 1860 vitae
656 1795 696 1860 ab
724 1795 788 1860 illis
810 1797 958 1879 partibus
986 1817 1149 1881 egressus,
1172 1797 1278 1860 locum
1301 1816 1394 1859 suum

264 1881 403 1962 repetiit.
458 1880 574 1963 Sicque
597 1881 701 1946 denuo
725 1883 892 1947 christiani
914 1883 959 1947 ibi
981 1884 1080 1966 positi
1103 1882 1297 1947 sacerdotali
1320 1886 1395 1945 sunt

265 1967 449 2049 praesentia
470 1966 624 2031 destituti.
672 1968 743 2044 Qua
760 1967 823 2032 reh
841 1970 1013 2034 manifesto
1031 1970 1138 2051 patuit
1155 1968 1284 2048 indicio,
1308 1965 1393 2049 quod

266 2052 308 2117 ad
331 2052 605 2118 corroborandam
632 2052 727 2118 fidem
754 2054 894 2136 praefati
921 2056 981 2120 viri
1003 2055 1166 2136 Herigarii
1192 2075 1315 2118 necnon
1346 2055 1394 2116 eti

164 2157 254 2208 *aros
269 2160 368 2221 supra
386 2138 491 2203 dictae
509 2141 711 2220 matronae¹‚
729 2143 915 2224 pariterque
933 2147 969 2204 ut
983 2143 1104 2205 exitum
1123 2161 1233 2204 eorum
1252 2139 1394 2203 *divinae

267 2225 507 2289 commendaret
538 2225 738 2306 clementiae,
777 2232 809 2292 et
839 2226 926 2310 quod
955 2226 1093 2292 fideliter
1124 2225 1393 2304 desideraverant,

265 2311 452 2393 mysterium
475 2311 624 2376 videlicet
646 2334 758 2377 sacrae
781 2313 1028 2393 communionis,
1054 2333 1113 2396 pro
1142 2313 1255 2376 ultimo
1277 2311 1394 2375 viatico

264 2398 475 2480 perciperent,
498 2397 563 2461 iam
586 2397 693 2462 dictus
716 2399 913 2464 anachoreta
931 2398 1108 2481 Ardgarius
1132 2397 1174 2462 ad
1193 2396 1267 2460 illas
1285 2402 1395 2480 partes

266 2483 445 2547 destinatus
468 2482 575 2548 fuerit.

352 2569 420 2634 21.1
473 2568 593 2633 Verum
615 2571 699 2635 inter
721 2569 802 2635 haec
824 2571 971 2653 superius
995 2569 1226 2652 comprehensa
1249 2568 1394 2650 contigit,

266 2655 370 2721 bonae
405 2657 580 2720 memoriae
610 2655 860 2721 Hludowioumm
887 2658 1125 2722 serenissimum
1156 2655 1393 2737 imperatorem,

184 2759 253 2807 840.
268 2741 375 2806 divino
405 2741 572 2805 ordinante
600 2743 736 2824 iudicio,
763 2744 868 2807 vitae¹¹
895 2743 1058 2826 praesenti
1084 2741 1268 2806 decessisse.
1318 2739 1396 2804 Post

266 2829 358 2892 cuins
387 2827 510 2892 obitum
540 2849 612 2892 cum
641 2829 680 2893 de
709 2830 799 2912 regni
830 2829 984 2895 divisione
1013 2848 1130 2910 magna
1155 2826 1248 2891 fieret
1269 2831 1395 2909 pertur-

264 2913 365 2993 batio,
388 2914 529 2996 pastoris
553 2935 680 2998 quoque
702 2917 805 2980 nostri
829 2914 1053 2998 aliquomodo
1075 2913 1268 2978 labefactari
1292 2913 1397 2994 coepit

266 3000 394 3082 legatio.
432 2999 547 3063 Nam**
570 3022 641 3064 cum
661 3002 742 3066 cella
761 3002 948 3085 supradicta
966 3000 1103 3065 Turholt
1125 3002 1157 3063 in
1179 3004 1305 3082 partem
1329 3019 1395 3062 ces-

267 3086 362 3150 sisset
379 3085 550 3150 venerandi
568 3088 654 3170 regis
672 3087 795 3169 Karoli,
819 3090 887 3171 ipse
906 3108 978 3151 eam
998 3108 1017 3150 a
1035 3087 1174 3164 servitio,
1198 3083 1284 3168 quod
1303 3089 1396 3166 pater

267 3193 343 3235 suus
366 3171 585 3254 disposuerat,
616 3175 736 3239 amovit
758 3181 790 3238 et
810 3173 901 3238 vobis
924 3172 1005 3237 bene
1032 3173 1160 3254 cognito
1188 3169 1277 3234 dedit
1299 3169 1395 3250 Ragi-

266 3258 395 3322 nari00.
441 3256 503 3321 Pro
531 3279 596 3341 qua
622 3258 657 3324 re
684 3276 757 3324 cum
784 3267 816 3324 et
844 3281 863 3324 a
885 3259 1042 3323 fratribus
1066 3259 1132 3321 suis
1154 3256 1395 3338 gloriosissimis

266 3343 396 3426 regibus
425 3349 457 3406 et
484 3365 504 3408 a
529 3345 639 3408 multis
668 3367 794 3429 quoque
817 3345 891 3410 aliis
914 3345 1042 3426 saepius
1064 3343 1180 3407 fuisset
1201 3341 1394 3418 admonitus,

267 3435 299 3494 et
318 3431 386 3519 ipse
405 3449 516 3494 eorum
533 3431 681 3512 petitioni
699 3433 881 3496 nullatenus
900 3431 1081 3509 assentiret,
1101 3430 1166 3492 iam
1183 3426 1289 3491 dictus
1302 3432 1395 3508 pater

207 3514 212 3520 “
267 3524 378 3581 noster
405 3515 636 3600 multiplicibus
663 3524 739 3582 tunc
767 3519 863 3584 atteri
891 3517 997 3598 coepit
1023 3513 1269 3579 necessitatibus
1295 3519 1327 3577 et
1348 3513 1395 3575 in-

267 3601 427 3684 digentiis.
473 3601 565 3667 Unde
592 3605 740 3686 contigit,
767 3611 804 3669 ut
826 3605 966 3669 fratresp
995 3602 1106 3682 vestri,
1134 3601 1189 3683 qui
1216 3599 1290 3664 hicl
1317 3605 1396 3663 tunc

326 3777 350 3838 *l
370 3773 445 3839 Quod
463 3803 494 3812 -
513 3806 548 3814 -
565 3779 647 3832 caelis
665 3779 719 3832 dee.
737 3779 773 3832 B.

312 3844 351 3910 **)
369 3843 440 3897 Nam
459 3870 491 3878 —
510 3875 543 3882 -
561 3845 753 3918 dereliquerint
770 3847 826 3900 der.
840 3849 879 3910 B,
904 3847 952 3914 qai
968 3851 1098 3914 perperat:
1123 3842 1182 3922 Iam
1204 3840 1291 3893 dictus
1317 3841 1395 3907 pater

369 3916 459 3966 noster
477 3913 526 3966 hac
544 3913 576 3968 de
595 3932 674 3972 causa
691 3915 888 3983 multiplicibus
906 3919 969 3968 tunc
987 3913 1071 3966 atteri
1089 3913 1168 3978 ceprt.

267 4058 289 4107 o)
303 4058 451 4106 compensabit
463 4059 483 4096 3.
497 4060 524 4100 B.
585 4059 608 4111 b)
621 4063 666 4102 inm
679 4063 699 4102 a.
713 4063 733 4101 3.
796 4059 816 4107 ο)
829 4061 922 4098 Domino
936 4061 956 4098 2.
970 4059 989 4098 a
1045 4055 1234 4098 cinerescat.
1297 4052 1391 4104 e)c.19.

267 4111 308 4149 inc.
323 4111 353 4157 B;
370 4109 413 4159 (45)
426 4107 480 4158 2?ae
500 4113 532 4152 43.
550 4113 638 4152 θααιάο.
719 4113 737 4162 f)
752 4111 852 4150 sacerdos
866 4111 909 4150 Del
921 4112 939 4151 3.
953 4111 980 4148 B.
1067 4107 1090 4158 g)
1110 4116 1197 4146 amorae
1216 4117 1269 4145 corr.
1288 4114 1361 4144 umore
1376 4107 1394 4143 1.

267 4161 292 4212 h)
311 4162 360 4208 Qus
377 4161 403 4200 dc
421 4171 445 4200 re
458 4161 477 4200 3.
556 4165 573 4213 l)
592 4165 647 4204 decet
660 4168 680 4205 2.
757 4162 783 4213 k)
800 4163 959 4210 Frethuburgis
976 4160 1027 4200 add.
1042 4162 1099 4210 B1;
1118 4159 1255 4206 metuaturg
1268 4157 1319 4196 add.
1333 4158 1359 4196 B.
1375 4155 1395 4194 2.

267 4212 284 4264 l)
297 4215 357 4252 nulla
371 4224 417 4262 cup.
432 4213 478 4252 dist.
495 4217 524 4265 B5
538 4214 581 4265 (46)
594 4215 649 4266 293;
662 4219 696 4256 44.
721 4215 810 4255 duddo.
880 4213 911 4260 m)
925 4213 1073 4252 Hludovleum
1087 4215 1110 4261 23
1123 4211 1260 4250 Ludovlcum
1273 4211 1292 4258 3,
1305 4218 1393 4257 semper.

267 4265 425 4316 n)v1ta³.B.
478 4266 698 4318 qaegmmoaa
751 4266 774 4318 p)
788 4269 812 4305 ut
825 4268 846 4304 ct
859 4265 886 4305 fr.
901 4267 921 4304 2.
935 4266 954 4304 3.

269 4403 295 4470 1)
314 4402 479 4470 Hcmburpr'.
