3154 5016
597 357 683 414 VITA
702 358 887 413 RIMBERTI
1274 363 1308 416 85

175 536 268 616 paam
297 525 405 579 nutare
431 513 621 614 disponebat,
645 522 810 596 antequam
831 513 940 598 pratia
957 513 1022 576 Dei
1042 512 1256 577 illustratus
1242 537 1308 615 epae

175 600 208 663 in
236 611 333 664 ruente
354 623 413 664 sna
435 600 573 676 sentiret,
600 599 678 683 quid
699 599 809 662 melius
830 609 925 675 esset,·
952 599 1054 683 sieque
1076 621 1213 684 superna
1235 601 1308 664 uisi-

175 686 290 750 tatione
321 685 569 768 certificataea
554 707 590 748 en
620 694 730 763 menn,
761 685 827 748 sine
858 685 1047 748 cunctatione
1078 708 1156 783 quae
1185 687 1308 783 apeuda

175 783 265 834 erunt
295 771 487 870 disponebat
523 768 630 920 tHaec
661 769 778 834 detuit
779 791 800 834 ι
828 771 897 834 eius
927 769 1019 834 ideob
1046 790 1106 834 nos
1135 771 1308 835 inseruisse

175 855 348 921 leotcrt
301 880 333 920 ιιι
334 856 537 939 ttutellega
500 876 599 921 uex
621 855 684 919 hoo
705 855 779 919 test'
770 856 891 920 imonis
910 855 1185 938 comprobarffetur
1209 856 1309 921 nichil

175 962 247 1007 eum
278 943 320 1007 ad
349 943 543 1025 peticionem
564 939 661 1006 huius
684 941 879 1006 sanctissimi
902 940 1052 1026 discipuli
1076 942 1126 1005 sui
1149 941 1308 1007 Rimberti

175 1029 394 1110 respondisse,
423 1027 486 1092 nisi
513 1026 600 1110 quod
625 1027 659 1090 in
686 1027 748 1091 hcc
770 1027 872 1091 tridui
895 1027 1000 1110 spatio
1023 1028 1120 1092 menti
1144 1028 1214 1092 eius
1237 1026 1308 1112 Spi-

175 1115 257 1178 ritus
281 1121 411 1179 sanctus
435 1112 563 1193 infudit,
586 1113 679 1177 iuxta
698 1114 901 1192 sententiam,
924 1133 1021 1195 quam
1043 1114 1141 1177 etiam
1159 1115 1308 1197 superius

154 1198 216 1264 -de
237 1200 373 1266 Actibus
396 1198 618 1282 apostolorum
639 1197 843 1282 protulimus

262 1289 291 1351 7.
331 1285 465 1351 Accedit
493 1285 591 1350 etiam
623 1284 667 1350 ad
694 1286 900 1368 praesagium
928 1284 1084 1350 virtutum
1113 1285 1201 1350 beati
1229 1286 1308 1349 ιιιι(2

174 1372 256 1436 visio
278 1371 437 1454 quaedam
460 1371 501 1436 de
523 1371 594 1454 ipso
616 1370 760 1435 revelata
782 1370 987 1452 procuratori
1008 1371 1183 1436 ιιιιιιιιιιι(1
1202 1373 1308 1454 prima

175 1478 250 1521 mox
271 1463 382 1523 ιιιιιιιθ
407 1457 563 1522 adventus
586 1456 654 1520 eius
678 1455 928 1536 Hammabnrgf,
961 1477 1032 1520 oum
1055 1458 1146 1555 ipse·
1147 1455 1253 1522 adhuc
1275 1459 1308 1521 in

174 1545 281 1626 prima
309 1549 416 1609 aetate
384 1542 641 1608 adolescent
618 1548 684 1607 trae
711 1541 834 1606 fuisset.
886 1540 1027 1606 Videbat
1014 1549 1068 1606 tur
1096 1543 1181 1608 enim
1205 1541 1308 1607 eidem

174 1636 330 1712 procurat
331 1631 380 1695 ori
399 1629 604 1728 conspexisse
623 1648 666 1708 se,
685 1629 790 1711 ipsum
805 1626 1007 1692 Rimbertum
1027 1627 1199 1693 sedissem
1216 1628 1308 1693 fasti-

175 1715 228 1796 gio
251 1717 396 1796 oratorii,
420 1715 631 1796 signumque8
652 1713 808 1779 ecclesiae
829 1735 937 1793 unum,
961 1712 1049 1796 quod
1067 1734 1125 1778 uos
1145 1714 1307 1780 cloccamh

175 1822 338 1882 vocamus,
360 1803 394 1865 in
417 1800 507 1865 caelo
530 1801 728 1883 apparuisse,
753 1820 859 1882 aquo
881 1799 1022 1898 ligamen
1043 1800 1173 1881 lineum,
1197 1805 1235 1864 ut
1257 1822 1308 1865 as-

176 1886 298 1967 solet,
288 1908 322 1951 1n
344 1886 474 1952 modum
498 1885 585 1951 funis
607 1885 781 1950 demissum
805 1906 906 1968 usque
927 1885 1097 1968 adipsum
1113 1885 1309 1984 dependeret

175 1938 394 2054 Rimbertum3
422 1993 481 2056 per
509 1970 633 2055 quod
624 1993 693 2055 1pse
721 1971 806 2036 idem
836 1973 964 2054 signum
992 1971 1105 2037 hilarit
1092 1978 1142 2037 ter
1168 1973 1308 2037 traxisse

176 2064 207 2122 et
236 2079 315 2124 sono
345 2060 414 2123 eius
443 2057 546 2123 dulcit
532 2065 583 2122 ter
611 2057 750 2122 delectat
736 2063 788 2122 tus
817 2077 887 2122 esse
908 2055 1088 2122 videbatur
1142 2056 1201 2122 (lui
1224 2078 1307 2122 som-

174 2145 243 2209 ιιιιι1
273 2165 449 2227 congruam
472 2164 512 2208 ex
534 2142 649 2207 divinis
673 2143 772 2226 script
774 2143 842 2206 uris
864 2143 912 2207 int
908 2150 1044 2292 erpreta
1024 2143 1165 2208 ationem
1187 2145 1308 2293 reperi-

125 2291 130 2300 ,
175 2251 255 2294 mus
305 2230 508 2378 Praecipitur
529 2228 634 2312 Moysi
657 2248 677 2292 a
699 2227 854 2309 Domino,
885 2237 920 2292 ut
943 2230 1026 2293 inter
1049 2229 1116 2294 alia
1137 2235 1205 2294 vest
1206 2229 1234 2293 is
1257 2249 1308 2294 sa-

176 2315 288 2380 cerdot
289 2316 350 2380 alis
386 2317 461 2379 mist
462 2315 515 2379 ica
547 2313 733 2380 indumenta
764 2315 909 2379 haect
878 2314 974 2379 etiam
1006 2313 1100 2380 fiant:
1143 2316 1435 2397 recuruatae
1449 2331 1482 2370 ³³

175 2401 303 2485 inquid,
333 2403 377 2465 ad
404 2401 496 2487 pedes
524 2401 701 2466 eiusdemt
689 2401 812 2465 tunicae
836 2423 897 2486 per
924 2401 1087 2465 circuitum
1109 2424 1201 2502 quast
1195 2402 1310 2466 'nula
1409 2430 1410 2434 ¹

174 2489 290 2636 pionica
313 2487 420 2572 facies
447 2510 486 2550 ea
514 2487 649 2551 iacincto
676 2497 704 2551 et
730 2510 877 2588 purpura
903 2498 932 2552 et
953 2509 1038 2551 coeco
1064 2488 1112 2551 bic
1134 2488 1241 2568 tincto,
1271 2498 1309 2569 et,

197 2577 273 2636 tin
300 2579 435 2656 sequent
421 2572 508 2638 tibus
536 2573 710 2652 invenitur,
740 2596 779 2638 en
801 2575 883 2638 bisso
905 2583 1034 2651 retortu,
1064 2573 1172 2637 uniatis
1194 2574 1229 2637 iu
1251 2597 1309 2638 me-

177 2659 230 2722 dio
265 2659 494 2725 tintinnabulis.
551 2657 658 2734 Quare
693 2665 750 2722 aut
752 2679 800 2723 em
837 2657 937 2722 hict
923 2658 986 2722 tint
973 2657 1143 2723 tinnabula
1177 2657 1308 2742 adiungi

174 2751 348 2826 praecepta
371 2746 445 2824 sint,
422 2743 609 2808 tinferius
632 2752 683 2808 ost
670 2742 773 2808 tendit
759 2750 828 2808 tzur
871 2743 910 2806 Ut
932 2744 1093 2823 audiatur,
1116 2741 1239 2826 inquid,
1263 2767 1308 2808 so
1321 2761 1352 2801 ιι)
1369 2759 1402 2800 35

175 2831 272 2912 nitus,
306 2831 431 2914 quando
462 2830 639 2913 ingreditur
668 2829 812 2914 pontisera
843 2830 1056 2892 sanctuarium
1086 2830 1121 2892 in
1149 2840 1308 2914 conmenta

174 2879 321 2996 Domini,
350 2926 378 2980 et
405 2937 467 2979 non
494 2916 659 2982 moriatur
709 2913 866 2980 Sacerdos
894 2934 1033 2996 nemque
1055 2914 1238 2998 ingrediens
1259 2915 1309 2980 vel

178 3001 345 3084 egrediens
368 3001 516 3081 moritur,
540 3001 567 3064 si
590 2999 630 3064 de
652 3021 690 3066 eo
713 3002 838 3065 sonitus
856 3021 921 3064 nou
940 3000 1051 3065 audiat
1037 3006 1107 3080 t;ur
1131 3001 1208 3084 quia
1226 3001 1308 3066 iram

176 3095 290 3152 contra
312 3109 347 3152 se
369 3086 487 3152 occulti
509 3052 627 3151 iudicis
650 3086 760 3170 exigit,
786 3087 813 3150 si
836 3087 906 3151 sine
926 3051 1178 3171 praedicationis
1201 3088 1308 3152 souitu

175 3172 304 3237 incedit.
357 3172 471 3249 Quia
463 3173 521 3255 igit
522 3194 562 3236 ur
508 3170 729 3238 tfuturum
752 3178 837 3252 erat,
867 3174 924 3236 utk
948 3173 982 3236 in
1004 3193 1129 3238 summo
1153 3172 1309 3238 ecclesiae

174 3258 278 3357 gradu
302 3278 476 3324 conscenso
498 3259 547 3324 vir
564 3258 696 3324 Domini
715 3259 912 3324 ornamentis
936 3258 1138 3341 spiritalibus
1162 3260 1307 3340 eniteret,

175 3349 212 3408 ut
234 3345 332 3408 etiam
354 3344 607 3427 praedicationis
631 3342 800 3410 offitium
791 3345 924 3427 msignit
927 3365 961 3409 er
981 3346 1084 3429 egisse
1102 3343 1307 3429 probaretur,

175 3435 263 3494 recte
285 3431 319 3494 in
341 3431 474 3514 fastigio
496 3431 618 3513 templi,
641 3429 729 3514 quod
752 3429 912 3512 significat
936 3431 1059 3513 apicem
1079 3429 1307 3514 pontificalem,

177 3537 250 3578 cum
272 3514 441 3580 doctrinae
463 3516 654 3580 suavissimo
678 3523 710 3579 et
732 3515 867 3581 caelitus
885 3521 1027 3580 attracto
1046 3517 1153 3581 sonitu
1172 3514 1214 3579 ad
1234 3535 1309 3579 con-

175 3599 353 3665 vocandam
387 3601 517 3666 servitio
545 3600 653 3665 divino
676 3621 803 3666 sacram
826 3600 948 3666 Christi
970 3599 1097 3683 plebem
1121 3600 1242 3665 sedisse
1264 3601 1309 3665 vi-

176 3684 323 3750 debatur.
375 3685 446 3752 Hoc
475 3686 560 3752 enim
587 3687 620 3750 in
646 3685 743 3751 huius
770 3686 955 3751 ostensione
976 3686 1109 3751 visionis
1130 3706 1308 3768 personans

175 3776 317 3836 ιιιιιιιιι
353 3773 422 3837 eius
456 3772 583 3854 signum
615 3772 753 3837 caeleste
785 3770 967 3854 significare
998 3777 1119 3855 potest,
1157 3770 1245 3854 quod
1275 3774 1309 3836 in

175 3863 262 3922 veste
287 3856 451 3941 pontificis
478 3858 539 3922 tint
526 3857 696 3924 tinnabula
722 3863 904 3922 monstrare
926 3858 1114 3941 probantur.
1162 3857 1309 3934 Qualiter

176 3944 273 4008 etiam
296 3949 418 4025 cetera,
447 3964 531 4026 quae
554 3943 594 4008 de
617 3943 785 4028 Scriptura
807 3942 909 4008 Sacra
922 3944 1172 4044 proposuimus,
1202 3964 1309 4008 sacer-

176 4027 295 4094 dotalis
323 4029 456 4095 habitus
485 4035 676 4094 ornamenta
701 4029 928 4129 spiritaliter
919 4053 952 4094 ιιι
979 4050 1049 4095 sese
1071 4050 1196 4111 semper
1219 4029 1308 4094 exhi-

176 4114 299 4195 buerit,
331 4115 373 4180 ad
403 4116 583 4199 profectum
615 4117 712 4181 simul
743 4121 775 4181 et
803 4117 1016 4181 imitationem
1045 4114 1152 4199 legent
1138 4115 1225 4180 tibus
1256 4137 1309 4181 ex-

175 4221 295 4284 ponere
318 4201 540 4267 iudicavimus.
586 4202 739 4268 Malist
702 4226 724 4268 n
725 4204 829 4287 tique¹
853 4204 978 4286 punicis
1001 4200 1112 4266 utebat
1099 4207 1161 4282 ι,ιιι
1185 4201 1218 4265 in
1238 4203 1308 4286 qui-

175 4322 320 4374 uacuum
362 4321 1307 4374 n)tuoneus1nsatdoneenoieauemd)oonunusuu1.u.)dent1

175 4372 430 4476 {pllammaburgumt
483 4373 506 4425 g)
521 4377 608 4425 signum
619 4379 673 4423 poet.
688 4386 742 4414 corr
757 4379 779 4414 et
792 4377 908 4424 signuml.
961 4374 985 4426 h)
998 4377 1095 4414 cloacam
1108 4384 1162 4415 corr.
1177 4376 1307 4416 cloccaml.

174 4426 306 4467 tmmnol
367 4424 514 4476 anonam
529 4430 552 4477 1,
565 4427 654 4466 aeota.
706 4424 860 4476 nouem
876 4430 895 4466 1
