3154 5016
420 378 507 434 VITA
525 377 703 432 ANSKARII
720 376 823 432 AUCT.
842 377 1036 433 RIMBERTO.
1260 382 1293 438 51

161 557 250 620 pum,
284 533 371 597 uobis
397 535 451 595 boc
477 532 609 596 relatum
636 542 680 596 est
706 531 952 614 confirmandum
978 555 1016 595 ac
1042 533 1229 616 postulatum
1252 544 1295 598 est
1316 548 1383 597 858.
1490 527 1495 546 '

162 631 270 684 nostra
299 620 482 682 auctoritate
510 618 729 682 roborandum.
781 618 848 681 Nos
877 619 976 702 iqitur
1006 619 1060 681 ida
1095 619 1201 682 subtili
1226 642 1295 704 per-

160 706 325 789 pendentes
355 704 532 780 evcomineb,
569 704 860 778 animadvertimus,
893 714 1021 789 propter
1051 705 1215 768 instantem
1245 727 1295 768 ne

163 792 331 856 cessitatem
360 801 388 853 et
417 790 598 852 animatam
627 789 716 851 lucra
747 789 782 851 in
812 789 952 874 pentibus
983 790 1192 853 demonstrato
1221 791 1295 853 utile

160 877 245 961 fors.
294 874 410 938 Omnia
432 877 513 938 onim
536 897 614 959 quoe
635 874 774 959 proficua
797 873 939 938 ecciesiae
964 875 1139 959 probantur
1167 877 1295 939 asistere

163 974 191 1026 et
219 962 337 1026 divinis
364 983 426 1024 non
456 961 607 1024 resultant
632 960 917 1044 praeceptionibus⁰
958 961 1046 1023 licita
1084 971 1112 1025 et
1138 961 1295 1046 facienda

163 1070 225 1112 esse
253 1069 315 1110 non
344 1047 537 1126 dubitamus,
569 1046 705 1109 manime
734 1047 769 1107 in
797 1056 861 1108 tam
891 1046 1026 1109 novellae
1055 1047 1295 1110 christianitatis

152 1131 370 1218 plantatione,
399 1134 433 1195 in
460 1155 521 1216 quo
547 1132 635 1194 varii
660 1131 756 1194 solent
785 1141 904 1195 eventus
933 1133 1115 1218 continqere.
1175 1129 1296 1205 Quamd

164 1219 198 1281 ob
223 1241 289 1282 rem
318 1214 505 1281 auctoritati
530 1218 746 1302 omnipotentis
767 1217 830 1280 Dei
856 1228 884 1280 et
909 1217 1064 1281 beatorum
1088 1217 1296 1302 apostolorum

165 1304 251 1367 Petri
282 1314 328 1367 et0
356 1303 453 1366 Pauli
483 1313 511 1366 et
542 1304 595 1367 boo
625 1312 730 1366 nostro
761 1302 880 1366 decreto
910 1304 1101 1366 decernimus
1129 1303 1296 1366 secuudum

163 1390 403 1453 reverentissimi
436 1389 520 1472 repis
542 1388 724 1452 Hiudomioi
751 1398 866 1467 votum,
896 1391 984 1472 ipsas
1005 1389 1189 1472 praedictas
1214 1388 1296 1452 dioe-

166 1498 259 1555 ceses,
289 1475 606 1560 Hammoburqensem
632 1474 749 1536 scilicet
775 1484 803 1537 et
829 1473 1039 1551 Bremensem,
1066 1474 1128 1540 bon
1154 1475 1297 1560 deinceps

164 1561 257 1640 duas,
287 1560 341 1624 sed
369 1583 464 1624 uuam
492 1583 554 1624 esse
582 1569 610 1622 et
639 1559 746 1622 vocari
778 1559 924 1643 subdique
951 1560 1031 1639 sedi,
1065 1582 1141 1644 quae
1167 1561 1296 1644 praede-

164 1649 293 1710 cessoris
323 1648 424 1710 nostri
454 1645 572 1709 decreto
604 1645 866 1729 archiepiscopali
895 1656 938 1709 est
966 1668 1089 1709 munere
1118 1645 1297 1724 sublimata,

164 1732 325 1795 restituto‘
353 1732 519 1795 dumtaaeat
547 1731 584 1794 de
611 1730 790 1794 Bremensis
816 1731 959 1794 ecclesiae
987 1731 1077 1796 rebus
1104 1731 1297 1816 episcopatui

164 1817 319 1880 Ferdensi
344 1827 434 1901 parte
460 1817 533 1880 inde
560 1827 630 1879 onte
657 1816 774 1880 abbata.
819 1816 936 1879 Nullus
955 1839 1025 1880 vero
1047 1817 1298 1901 archiepiscopus

169 1902 393 1966 Coloniensis**
417 1902 534 1966 uliamf
558 1903 620 1966 sibi
646 1902 790 1986 deinceps
819 1899 852 1964 in
882 1901 989 1966 eadem
1011 1903 1142 1966 dioecesi
1163 1902 1298 1965 vindicet

161 1999 351 2073 potestatem.
404 1987 488 2060 Qui-n
515 1989 608 2051 immo
633 1988 748 2071 stipsi
775 1997 802 2051 et
828 1987 967 2051 omnibus
995 1984 1159 2074 [omuinoss]
1188 1988 1297 2051 senode-

165 2097 233 2137 mus
258 2097 347 2138 verae
373 2074 537 2158 reiiqionis
559 2072 741 2152 cultoribus,
767 2083 800 2135 vt
826 2094 920 2135 sacra
946 2073 1023 2136 nach
1048 2073 1199 2157 beqatione
1219 2073 1297 2156 fun-

165 2160 303 2244 qentibus
333 2160 493 2222 adiutorio
524 2169 552 2222 et
582 2159 699 2222 solacio
734 2159 805 2222 sint.
866 2157 1021 2232 Quatinus
1052 2159 1155 2223 buius¹
1189 2159 1297 2242 qratia

165 2245 303 2328 beneficii
321 2245 448 2330 plenam
470 2245 637 2308 mercedem
658 2243 795 2328 recipere
816 2255 993 2306 mereantur
1015 2245 1054 2306 ob
1076 2266 1110 2307 eo
1127 2245 1181 2328 qui
1198 2244 1297 2306 dinis:

166 2331 235 2409 ‘Ite,
263 2330 363 2394 docete
392 2352 493 2394 ornnes
514 2340 629 2415 pentes,
656 2339 685 2392 et
713 2330 893 2413 quicumque
914 2331 1062 2414 receperit
1087 2352 1155 2408 vos,
1183 2352 1229 2392 me
1251 2351 1297 2392 ro-

167 2416 264 2500 cipit’.
317 2417 425 2500 Itaque
456 2418 562 2478 omnia
593 2438 613 2477 a
644 2415 755 2479 dilecto
777 2414 852 2497 fitia
881 2425 985 2479 nostro
1015 2439 1085 2502 repe
1111 2415 1297 2481 Hbudomico

166 2501 210 2564 ad
237 2502 291 2564 boc
317 2503 385 2566 Deo
412 2503 541 2587 diqnum
568 2500 706 2587 efficium
733 2501 882 2586 deputata
908 2511 1015 2564 nostra
1037 2503 1131 2565 etiam
1150 2503 1210 2586 piu
1232 2503 1297 2565 eius

166 2597 237 2650 voto
263 2588 447 2651 auctoritate
464 2587 641 2669 firmamus.
691 2586 734 2650 Et
761 2587 837 2670 quia
864 2609 953 2650 casus
978 2589 1220 2671 praeteritorum
1244 2610 1297 2651 uos

167 2683 272 2736 cautos
295 2673 427 2758 faciunt
456 2674 492 2734 in
513 2673 676 2756 futurum,
707 2694 825 2736 omnem
856 2694 970 2756 quoque
1002 2672 1215 2738 adversantem
1251 2673 1297 2735 voi

168 2758 425 2822 contradicentem
456 2768 546 2842 atque
575 2759 640 2842 piis
670 2759 785 2822 nostris
816 2759 865 2821 bis
899 2757 1012 2820 studiis
1043 2758 1173 2843 quolibet
1207 2757 1297 2821 modo

165 2843 368 2907 insidiantem
391 2844 598 2906 anathematis
620 2844 784 2907 urucronel‘
808 2845 997 2928 percutimus
1023 2854 1112 2927 atque
1132 2854 1297 2928 perpetuae

167 2929 296 2992 ultionis
320 2952 407 2993 reum
433 2928 592 2992 diabolica
618 2939 697 2993 sorte
723 2929 918 2992 damnamus.
975 2927 1013 2991 Ut
1039 2929 1156 2993 culmen
1179 2939 1297 3012 aposto-

168 3014 260 3077 licum
296 3037 379 3078 more
413 3015 681 3098 praedecessorum
715 3025 890 3078 nostrorum
929 3036 1112 3099 causamque
1146 3015 1209 3079 Dei
1243 3016 1297 3099 pio

168 3099 281 3186 affectu
315 3101 448 3164 sedentes
483 3100 523 3163 ab
554 3101 694 3164 adversis
728 3101 799 3164 bino
830 3100 903 3163 inde
931 3101 1076 3183 partibus
1106 3102 1201 3164 tutius
1232 3123 1297 3164 mn

167 3186 326 3250 vetamur.
381 3185 440 3249 His
471 3187 582 3268 iisque
614 3184 752 3250 decretis
780 3191 878 3269 atque
904 3185 1162 3252 institutionibus
1192 3207 1297 3269 papae

169 3271 364 3336 sanctissimi
391 3271 544 3336 Nieoleim
566 3272 748 3337 Bremensis
771 3271 907 3337 ecclesie
930 3271 1083 3336 adiuncta
1106 3277 1138 3337 et
1159 3274 1298 3337 unite***

169 3357 238 3421 sedi
251 3356 552 3440 Hammaburgensi,
571 3378 654 3441 quae
671 3360 761 3441 prius
780 3358 968 3440 metropolis
987 3359 1164 3422 constituta
1180 3357 1296 3438 fuerat,

168 3441 258 3507 fecte
280 3448 330 3507 est
351 3444 645 3526 archiepiscopalis.
1278 3449 1281 3454 ’

255 3531 327 3592 24.ιι
360 3527 498 3592 Verum⁰
519 3531 597 3612 quia
618 3529 682 3592 deP'
698 3528 901 3592 dioeceseosq
922 3527 1010 3590 illius
1032 3528 1159 3592 ratione
1178 3528 1226 3591 ita
1244 3525 1297 3590 fir-

169 3619 258 3678 mata
280 3613 361 3678 haec
381 3614 650 3696 praeoccupando
669 3613 808 3677 diximus
827 3651 867 3660 -
886 3613 1023 3676 multum
1041 3613 1126 3676 enim
1143 3614 1298 3694 temporis

168 3699 244 3779 fuit,
271 3719 397 3780 exque
421 3698 529 3763 sedem
550 3698 640 3762 illam
663 3697 908 3782 gubernandam
930 3699 1084 3780 suscepit,
1107 3698 1298 3780 priusquam

169 3785 365 3849 auctoritate
377 3784 557 3867 apostoliea
568 3782 752 3848 firmaretur
761 3822 812 3864 -,
821 3783 864 3848 ad
875 3804 913 3848 ea
925 3803 1008 3865 quae
1019 3783 1108 3867 prius
1120 3787 1211 3865 geste
1223 3790 1299 3849 sunt

215 3939 253 4038 ἑ)
272 3941 399 4021 restitute
416 3968 450 3976 -
468 3939 561 3993 sbiete
579 3940 633 3994 des.
652 3941 689 3993 B.

199 4005 254 4140 a
271 4008 586 4132 nummus·

169 4209 190 4260 s)
204 4222 222 4249 s.
235 4211 258 4249 id
273 4215 292 4250 1.
363 4210 386 4261 b)
400 4213 500 4251 exanime
512 4214 532 4252 s.
605 4213 626 4262 c)
639 4212 824 4262 processionibus,
836 4223 901 4251 mann
913 4223 931 4250 s.
948 4212 1018 4252 XVII.
1034 4223 1087 4251 corr.
1102 4210 1263 4261 preceptoribus
1277 4211 1297 4250 3.

169 4261 676 4313 e)mmmeap.(51)tm.ste;4s.uuamo.
726 4263 816 4314 snos.
864 4263 973 4314 i'Jullai.
1025 4262 1297 4310 peanummacl.

169 4313 312 4361 h)cecorr.
328 4317 346 4352 1.
399 4314 526 4364 i)gr.h.3.
579 4316 767 4361 ktmuchroneii.
819 4313 837 4365 1)
850 4317 974 4354 munimur
987 4315 1007 4353 2.
1017 4315 1037 4353 3.
1090 4312 1120 4362 m)
1133 4312 1234 4353 nicholai
1247 4316 1267 4353 2.
1277 4315 1297 4353 s.

169 4363 193 4414 n)
205 4363 250 4416 iti)
259 4363 316 4413 svm
329 4363 362 4404 50.
379 4366 469 4406 adadu
510 4365 533 4415 o)
542 4365 624 4406 Verum
634 4389 659 4395 -
668 4367 784 4407 redeamus
793 4368 835 4406 otto
844 4370 957 4406 atronemo
967 4368 990 4405 tn
1000 4368 1049 4414 ioco,
1059 4364 1179 4415 vividetur,
1188 4366 1265 4405 rasoB
1275 4368 1298 4414 13

169 4415 207 4455 ubi
218 4428 237 4456 c.
251 4418 283 4457 ss.
298 4427 312 4455 a
324 4416 400 4455 verbu:
414 4416 515 4464 Namque
529 4422 630 4467 suscepta
645 4420 688 4459 inc.
740 4417 763 4470 p)
776 4419 830 4458 deest
843 4420 863 4458 2.
878 4420 898 4458 Β
912 4422 930 4458 1.
983 4417 1006 4466 q)
1018 4416 1131 4456 dioceseos
1144 4427 1182 4456 eos
1195 4419 1215 4458 2.

1108 4504 1144 4559 4*
