3154 5016
594 404 681 460 VI'l‘A
698 395 883 460 RIMBERTI.
1269 401 1303 461 91)

173 560 353 644 apostolus,
383 561 590 644 naufragium
618 558 766 642 pertulit,
798 579 893 641 saepe
922 559 954 622 in
983 559 1129 641 proximo
1153 563 1235 638 erat,
1266 565 1302 622 ut

172 669 244 712 cum
275 646 386 711 eodem
417 647 524 711 dicere
552 650 675 729 posset:
706 645 802 708 Nocte
819 656 857 708 et
883 645 934 708 die
960 646 995 708 in
1021 645 1181 728 profando
1202 647 1391 708 marist-cor·
1404 664 1434 712 1¹.
1443 661 1475 702 2⁵·

165 733 233 818 fui.
274 731 330 797 Set
346 732 492 815 profecto
507 731 622 796 aderat
642 731 672 794 ei
686 729 824 813 Spiritus
843 733 984 809 sanctus,
1008 731 1113 812 quiin
1134 731 1302 795 exterioris

172 818 311 883 hominis
340 819 547 902 corruptione
569 817 754 881 interiorem
777 822 947 881 renovaret
969 815 1010 885 de¹
1032 815 1084 880 die
1106 816 1140 879 in
1162 816 1246 880 diem
1271 823 1303 880 et

172 924 228 986 spe
250 904 380 968 futurae
402 902 614 969 beatitudinis
637 903 746 966 omnia
770 903 951 985 praesentis
973 902 1058 965 vitae
1085 922 1201 984 aspera
1223 901 1302 966 deli-

171 991 256 1054 niret
284 995 316 1054 et
342 990 454 1072 gravia
476 989 642 1054 relevaret.
694 986 933 1052 Consolabatur
955 987 1040 1050 euim
1062 988 1215 1052 continua
1237 1008 1302 1051 me-

172 1075 330 1141 ditatione
352 1075 508 1140 sermonis
529 1074 710 1158 apostolici,
734 1074 826 1154 quia:
865 1075 935 1137 Non
956 1084 1025 1136 sunt
1042 1074 1213 1156 condignae
1229 1092 1407 1158 pac-.a0m.c,
1421 1094 1453 1132 is.

172 1163 271 1225 aiones
292 1162 383 1225 buius
401 1163 545 1244 temporis
563 1161 606 1224 ad
617 1161 765 1244 ,futurem
784 1159 931 1242 gloriam,
950 1159 1043 1243 *quae
1062 1159 1249 1222 revelabitur
1267 1160 1303 1222 in
1316 1176 1411 1227 *orca

172 1247 268 1311 nobis.
305 1246 351 1310 Ac
368 1248 424 1326 sic,
442 1266 662 1329 quaecumque
677 1244 826 1308 fuerans
846 1243 928 1308 dura
944 1244 1117 1324 laboranti,
1134 1245 1302 1309 mitescere

172 1331 322 1396 solebant
345 1332 456 1396 eadem
479 1336 612 1416 propter
634 1329 797 1394 Christum
821 1331 1000 1394 sustinenti.

261 1421 299 1482 17
309 1418 330 1482 ¹.
358 1417 409 1481 Ad
425 1417 679 1500 redemptionem
698 1418 897 1499 captivorum
916 1417 1039 1480 cunctis
1053 1437 1134 1499 pene
1148 1435 1231 1499 quae
1245 1415 1302 1479 ha·

172 1503 272 1568 bebat
299 1504 459 1586 expensis,
490 1524 562 1568 cum
590 1502 764 1567 multorum
788 1501 895 1566 adhuc
917 1501 1004 1584 apud
1025 1522 1169 1585 paganos
1193 1501 1303 1566 deten-

171 1595 278 1652 torum
306 1590 489 1654 miseriamb
511 1609 641 1653 cernere
668 1592 850 1670 cogeretur,
882 1589 981 1652 etiam
1010 1587 1123 1652 altaris
1152 1607 1230 1652 vasa
1261 1587 1303 1650 ad

171 1671 424 1757 redemptionem
448 1695 559 1739 eorum
581 1673 766 1757 impendere
789 1694 854 1737 non
875 1672 1043 1738 dubitavit.
1086 1673 1123 1736 In
1144 1673 1302 1755 quodum

172 1759 368 1842 quibusdam
394 1761 500 1824 minus
530 1760 712 1825 sublimiter
738 1759 999 1842 intellegentibus
1022 1780 1087 1823 nou
1107 1767 1195 1832 recte
1217 1758 1303 1824 vide-

171 1852 262 1910 retur
286 1846 411 1926 fecisse,
435 1847 529 1929 quasi
552 1845 594 1910 ad
612 1846 694 1910 alios
712 1866 790 1910 usus
808 1845 970 1927 redigeret
987 1866 1071 1928 quae
1089 1846 1191 1910 sacris
1210 1849 1304 1909 crant

172 1931 329 2015 deputata
351 1932 540 2010 misteriis⁶,
564 1939 596 1996 et
618 1953 638 1996 a
660 1931 800 2014 quodam
818 1932 1036 2014 interrogatus
1054 1930 1178 2010 fuisset,
1202 1952 1302 2013 quare

174 2018 222 2082 ita
235 2019 368 2097 faceret,
382 2019 470 2083 iusta
483 2019 615 2082 racione
630 2018 809 2082 sciscitanti
823 2017 1044 2081 satisfaciens:
1071 2016 1154 2080 ‘Non
1167 2017 1301 2098 ignoro’,

171 2103 298 2186 inquid,
325 2109 392 2169 ‘res
415 2105 625 2168 ecclesiastici
648 2101 744 2166 offitii
766 2103 861 2184 digne
884 2123 954 2167 esse
976 2101 1164 2167 tractandas
1188 2107 1220 2166 et
1242 2103 1302 2167 sub

172 2209 289 2272 magna
315 2189 387 2255 fore
414 2189 611 2273 obligatione
638 2188 680 2253 ad
703 2186 765 2252 hoc
788 2209 868 2271 opus
891 2187 1065 2270 depositas.
1111 2185 1303 2271 Verumpta-

173 2296 244 2339 men
264 2275 340 2359 plus
364 2281 413 2339 est
434 2280 513 2359 aput
531 2274 635 2339 Deum
657 2295 716 2357 per
737 2273 818 2339 haec
841 2274 1004 2339 subveniri
1023 2274 1157 2357 captivis
1176 2274 1303 2339 christi-

172 2362 242 2424 anis
265 2363 299 2424 in
321 2363 471 2444 angustia
494 2361 688 2439 constitutis,
712 2381 809 2442 quam
832 2381 901 2425 esse
917 2361 1023 2444 possit
1040 2360 1221 2443 depositum
1240 2360 1304 2424 ista

172 2446 383 2511 custodiendi.
438 2446 480 2511 Et
507 2447 534 2510 si
563 2447 739 2511 necessitas
766 2446 949 2511 incubuerit
977 2446 1114 2510 duorum
1143 2446 1301 2511 bonorum

172 2553 272 2596 unum
295 2531 413 2614 eligere
436 2533 555 2598 etalio
579 2553 699 2613 carere,
723 2536 851 2615 oportet
873 2553 1037 2597 assumere
1059 2531 1147 2614 quod
1173 2537 1222 2596 est
1239 2553 1304 2596 me·

171 2617 234 2682 lius
258 2623 290 2683 et
311 2619 493 2699 relinquere
516 2618 601 2701 quod
623 2618 763 2683 habetur
784 2617 929 2682 inferius.
975 2617 1068 2682 Unde
1091 2623 1123 2682 et
1143 2617 1222 2699 ego',
1246 2619 1302 2699 ait,

172 2708 254 2769 ‘cum
272 2703 396 2768 nullum
414 2703 504 2768 aliud
522 2703 627 2769 habeo
647 2703 826 2783 consilium,
845 2724 910 2767 nou
928 2705 1025 2787 impie
1043 2724 1114 2786 ago,
1135 2705 1162 2767 si
1176 2702 1303 2768 christi-

172 2810 284 2869 anum,
315 2790 371 2872 qui
400 2788 487 2854 filius
509 2789 571 2853 Dei
600 2794 662 2868 est,
693 2810 766 2854 curn
791 2788 954 2854 thesauris
981 2789 1136 2854 ecclesiae
1162 2788 1302 2868 redimo;

172 2897 244 2940 cum
269 2882 302 2940 et
324 2896 450 2959 semper
472 2877 613 2940 invenire
634 2875 806 2960 possimus,
837 2874 924 2957 quod
946 2874 988 2940 ad
1011 2896 1105 2939 usum
1127 2875 1212 2939 sacri
1236 2875 1303 2938 suf-

172 2960 262 3026 ficiat
284 2962 471 3041 ministerii,
501 2960 759 3045 inrecuperabile
782 2966 891 3026 autem
915 2962 969 3042 sit,
1000 2962 1028 3024 si
1050 2960 1245 3026 christianus
1268 2960 1302 3024 in
1353 2999 1355 3008 ,

172 3048 370 3130 captivitatis
393 3046 569 3112 afflictione
592 3045 744 3112 deficiat'.

259 3135 307 3198 18.
345 3132 493 3217 Exempli
520 3139 628 3199 autem
656 3153 755 3198 causa
777 3152 877 3196 unum
899 3132 939 3196 de
961 3131 1184 3197 huiuscemodi
1206 3133 1301 3198 factis

172 3239 474 3300 commemoramus,
511 3219 545 3283 in
577 3240 641 3301 quo
675 3239 740 3283 non
769 3219 875 3282 minus
907 3219 940 3282 in
971 3219 1122 3301 potencia
1152 3219 1302 3283 miraculi

171 3326 267 3387 quam
290 3306 323 3369 in
347 3326 442 3389 opere
465 3305 707 3370 misericordiae
724 3304 860 3369 refulsit.
906 3303 987 3369 Cum
1003 3307 1143 3370 venisset
1161 3305 1301 3387 quadam

170 3392 238 3454 vioe
267 3390 310 3454 ad
337 3395 448 3474 partes
471 3391 652 3469 Dacorum,
682 3389 738 3455 ubi
761 3390 930 3454 ecclesiam
952 3391 1096 3454 novellae
1119 3390 1302 3454 christiani·

171 3478 232 3540 tati
251 3482 470 3541 constructam
488 3474 632 3539 habebat
649 3477 682 3539 in
700 3475 771 3539 loco
790 3476 846 3556 qui
862 3474 984 3539 dicitur
1000 3474 1204 3556 sliaswiohd,
1222 3475 1303 3539 vidit

172 3561 411 3625 multitudinem
430 3559 681 3624 christianorum
699 3564 882 3623 catenatam
900 3559 988 3624 trahi
1006 3561 1175 3642 captivam.
1214 3559 1302 3624 Inter

174 3667 254 3729 quas
284 3667 349 3710 una
378 3644 647 3724 sanctimonialis
677 3651 714 3708 ut
743 3645 867 3708 eminus
896 3644 988 3708 illum
1017 3646 1196 3726 conspexit,
1230 3666 1302 3709 cum

171 3731 393 3813 genuflexione
423 3737 455 3795 et
483 3730 599 3795 crebra
626 3731 741 3814 capitis
768 3729 977 3794 inclinatione
1003 3735 1070 3794 tam
1097 3730 1189 3795 illum
1210 3738 1302 3795 verie-

170 3819 238 3883 rari
263 3840 360 3901 quam
384 3819 452 3882 eius
475 3815 731 3880 misericordiam
753 3836 814 3902 pro
835 3815 1071 3897 redemptione⁰
1094 3836 1153 3879 sua
1174 3817 1303 3900 precari

171 3903 350 3969 videbatur.
403 3903 446 3968 Et
473 3908 511 3967 ut
533 3923 604 3966 eam
625 3901 819 3984 intelligeret
846 3900 1073 3966 christianamf
1106 3902 1215 3982 fuisse,
1239 3901 1302 3966 ele-

173 3993 249 4051 vata
278 3990 375 4054 altius
402 4011 478 4055 voce
505 3988 612 4072 coepit
638 3994 770 4052 cantare
792 3987 943 4071 psalmos.
993 3987 1171 4071 Episcopus
1194 3993 1302 4052 autem

173 4073 381 4139 miseratione
404 4081 593 4155 commotus,
623 4072 775 4138 divinitus
798 4094 870 4138 eam
893 4073 1039 4139 adiuvari
1063 4095 1136 4138 cum
1158 4073 1302 4138 lacrimis

173 4205 194 4256 ⁸)
208 4207 285 4248 fierent
298 4210 317 4247 2.
361 4208 585 4261 b)m1ccrlasAdam.
630 4211 651 4262 c)
665 4211 794 4252 ministeriis
808 4212 828 4252 8.
864 4209 887 4262 (1)
900 4223 954 4251 corr.
969 4210 1089 4251 sliaswich
1104 4214 1127 4260 ¹3
1141 4210 1248 4250 sleswiok
1263 4212 1301 4260 εις

173 4255 307 4299 Schleswich
320 4261 360 4301 8⁰.
414 4261 435 4312 e)
448 4275 466 4304 s,
480 4275 499 4304 r.
513 4266 532 4304 2.
585 4261 603 4314 1)
616 4263 632 4302 1.
647 4264 693 4303 chr.
707 4265 727 4303 2.

174 4361 200 4427 1)
219 4364 348 4418 Adamas
365 4365 395 4430 I,
417 4366 458 4420 41.
476 4367 543 4420 baec
560 4383 594 4420 ea
615 4383 637 4421 c.
651 4369 693 4422 20.
717 4368 793 4423 Vitae
816 4365 912 4434 affert,
936 4383 997 4421 cnm
1019 4373 1082 4422 ante
1111 4371 1217 4436 etpost
1238 4383 1297 4421 cnm

172 4429 215 4485 bis
232 4433 353 4486 numeris
372 4435 517 4488 conveniat.
