3154 5016
623 357 710 415 VITA
728 359 912 414 RIMBERTI.
1299 360 1331 414 91

205 516 288 580 duae
317 515 391 580 inde
421 514 641 580 meditationis
671 521 702 579 et
728 535 823 579 usum
847 514 1032 579 continendi
1055 536 1088 578 se
1111 515 1202 578 iuxta
1223 513 1333 579 mode-

204 623 315 666 ramen
337 602 486 683 regulare
509 601 595 684 quod
617 602 773 684 promisit.
820 600 869 664 Ad
890 600 976 684 quod
994 601 1023 664 ei
1042 600 1191 683 deputari
1208 600 1334 684 placuit

205 688 362 770 insignem
381 688 623 753 conversatione
641 689 755 768 virum,
774 686 878 771 gradu
897 687 1074 764 diaconem,
1093 687 1222 751 nomine
1235 686 1333 750 Adal-

205 774 345 856 garium,
368 793 557 855 germanum
579 773 730 838 videlieet
751 780 783 838 et
806 775 1016 857 aequivocum
1039 771 1169 837 abbatis
1192 771 1334 837 eiusdem

205 859 408 940 monasterii,
437 859 477 924 de
507 880 571 941 quo
600 881 699 943 supra
725 859 875 924 diximus.
928 858 989 924 Hic
1016 859 1064 922 vir
1086 858 1279 923 venerabilis
1300 859 1334 920 in

207 946 458 1010 conversationis
490 946 559 1009 eius
590 947 771 1010 imitatione
803 946 898 1009 simul
930 950 962 1009 et
990 945 1203 1009 successionis
1232 943 1334 1026 digni-

205 1036 273 1096 tate
296 1030 402 1095 adhuc
424 1030 520 1095 hodie
543 1039 705 1114 superest,
735 1052 808 1096 cum
831 1032 942 1095 multis
965 1031 1038 1095 aliis
1061 1035 1234 1108 attestans,
1258 1031 1335 1112 quia

205 1122 337 1182 sanctus
358 1116 516 1199 pontiferr,
540 1118 631 1181 cuius
653 1117 753 1182 vitam
775 1117 959 1197 scribimus,
982 1116 1081 1181 nichil
1104 1138 1144 1180 ex
1166 1117 1335 1180 occasione

206 1222 302 1266 curae
331 1203 506 1284 pastoralis
534 1202 574 1267 de
600 1203 790 1268 monachica
811 1203 1010 1287 perfectione
1032 1201 1222 1285 perdiderit,
1254 1200 1334 1265 adeo

206 1293 242 1351 ut
277 1287 384 1351 nullus
417 1290 515 1353 etiam
546 1289 633 1354 intra
667 1291 739 1371 ipsa
775 1289 971 1354 monasteria
1007 1288 1181 1354 viventium
1216 1287 1335 1351 instru-

205 1378 314 1437 menta
335 1374 495 1438 bonorum
523 1396 668 1458 operum,
698 1396 782 1458 quae
805 1397 916 1439 eorum
939 1375 1052 1458 regula
1074 1378 1304 1438 commemorat
1315 1373 1334 1452 ¹,

207 1480 309 1542 aeque
332 1466 369 1524 ut
390 1461 459 1542 ipse
483 1460 709 1526 observaverit.
756 1460 855 1526 Cuius
878 1461 967 1525 facta
985 1459 1115 1542 quidem
1132 1459 1185 1524 vix
1204 1480 1223 1522 a
1241 1459 1335 1523 nobis

207 1545 360 1628 explicari
394 1552 546 1628 possunt3
583 1552 632 1612 set
667 1546 864 1612 cotidianam
899 1548 968 1611 eius
1001 1567 1074 1610 cum
1105 1545 1174 1609 Deo
1206 1565 1336 1609 conver-

208 1632 366 1696 sationem
389 1638 421 1696 et
443 1633 584 1696 animum
608 1633 696 1698 caelo
720 1654 846 1715 semper
867 1634 1026 1696 intentum
1045 1637 1176 1696 nostrae
1194 1633 1336 1696 tenuitas

208 1718 366 1782 scienciae
396 1738 601 1800 nequaquam
635 1719 760 1783 edicere
790 1719 840 1783 vel
871 1719 984 1783 saltem
1016 1718 1213 1801 perpendere
1241 1717 1334 1782 valet.

207 1803 312 1867 Grave
348 1803 488 1868 ducebat
522 1805 623 1868 ullum
659 1811 785 1889 tempus
820 1825 955 1870 vacuum
992 1804 1115 1886 absque
1148 1824 1244 1887 opere
1275 1803 1337 1867 Dei

206 1889 404 1972 transigere;
438 1895 488 1953 set
517 1891 656 1955 orationi
684 1891 794 1966 lectio,
824 1891 954 1956 lectioni
983 1910 1108 1972 semper
1137 1895 1217 1972 aput
1244 1889 1337 1953 illum

207 1977 362 2040 successit
393 1975 507 2040 oratio.
562 1975 604 2041 Et
633 1978 661 2041 si
692 1976 816 2060 aliquid
845 1976 1049 2052 accessisset,
1082 1974 1170 2057 quod
1199 1996 1272 2038 eum
1294 1974 1336 2039 ab

208 2061 355 2126 oratione
382 2060 537 2145 impedire
559 2061 736 2142 videretur,
767 2083 893 2144 semper
914 2067 1024 2126 tamen
1046 2081 1130 2143 quae
1152 2062 1240 2125 iusta
1262 2066 1338 2124 sunt

208 2168 321 2228 agens,
351 2148 420 2211 sine
449 2147 686 2212 intermissione
715 2146 900 2212 sentiendus
930 2153 979 2212 est
1008 2166 1132 2227 orasse,
1163 2150 1200 2209 ut
1221 2145 1337 2210 beatus

208 2231 304 2298 docet
325 2232 541 2315 Augustinus:
582 2234 652 2312 Illi,
680 2232 805 2316 inquid,
835 2234 891 2318 qui
916 2234 951 2296 in
977 2234 1085 2297 diuino
1107 2243 1247 2297 emautur
1270 2230 1337 2318 offi-

207 2319 260 2398 tio,
283 2320 389 2382 omniu
411 2328 495 2404 pastu
518 2320 585 2383 eius
607 2320 749 2404 dictuque
771 2343 829 2404 pro
852 2320 991 2384 oratioue
1013 2329 1206 2402 reputantur.

295 2405 343 2470 13.
381 2403 572 2485 Vigiliarum
602 2427 696 2470 usum
723 2405 930 2470 moderanter
956 2404 1090 2488 agebat3
1121 2403 1337 2469 abstinentiae

207 2489 338 2554 modum
360 2490 407 2554 ita
429 2491 584 2570 exercuit,
609 2498 644 2556 ut
665 2491 809 2574 *semper
830 2490 879 2556 illi
902 2496 1008 2556 essent
1030 2491 1195 2555 cotidiana
1216 2490 1338 2555 ieiunia
1352 2502 1448 2553 *ιν-771·

208 2581 240 2640 et
267 2575 408 2641 refectio·
430 2577 617 2641 sacietatem
644 2578 779 2659 fugiens.
833 2576 871 2640 In
893 2598 956 2660 quo
979 2576 1127 2641 videlicet
1149 2576 1211 2640 boc
1233 2581 1338 2640 atten-

207 2661 319 2740 debat,
343 2666 380 2725 ut
401 2661 495 2727 iuxta
516 2663 647 2728 beatum
671 2661 915 2729 Hieronimum²
936 2665 983 2727 ita
1006 2663 1151 2745 corporis
1174 2661 1339 2744 frangeret

207 2748 401 2830 appetitum,
432 2754 469 2811 ut
494 2753 603 2812 tamen
630 2749 672 2814 ad
697 2749 851 2814 lectiones
879 2755 912 2814 et
936 2748 1151 2831 psalmodiam
1175 2753 1273 2829 atque
1295 2747 1338 2810 ad

208 2833 322 2898 altaris
351 2853 389 2897 ac
416 2832 624 2917 pontificatus
653 2836 704 2899 sui
733 2835 872 2900 offitium
900 2835 984 2900 vires
1012 2835 1041 2898 ei
1067 2855 1131 2898 non
1155 2832 1336 2897 deficerent.

207 2919 318 2983 Niobil
346 2920 428 2983 euim
451 2920 593 3006 prodest,
622 2926 659 2985 ut
681 2922 728 2985 ait
748 2920 835 2985 idem
857 2920 1078 2999 Hieronimus,
1107 2920 1200 2983 biduo
1221 2919 1338 2982 tridua

207 3028 262 3090 que
288 3027 418 3068 uacuum
439 3016 567 3090 portare
589 3017 734 3084 ventrem,
764 3008 794 3072 si
814 3008 938 3092 puriter·
959 3007 1123 3086 obustus,
1151 3006 1181 3070 si
1202 3028 1339 3090 compca-

207 3102 290 3155 setur
317 3091 480 3156 saturitate
509 3092 669 3156 ieiumum.
721 3093 803 3157 Ilico
831 3095 912 3158 euim
938 3115 1023 3156 meus
1044 3091 1162 3177 repleta
1184 3092 1338 3176 torpescit,

207 3187 235 3240 et
262 3177 402 3260 ira-ipatus
430 3178 540 3242 tumus
568 3179 678 3264 spiuus
707 3179 875 3243 libidinum
896 3188 1031 3265 generat.
1083 3176 1175 3256 Quod
1197 3178 1245 3241 vir
1267 3176 1337 3254 Dei,

207 3267 245 3326 ut
265 3260 419 3342 diximus,
450 3263 483 3326 in
505 3284 540 3327 se
563 3285 676 3329 cavere
697 3265 821 3344 volens,
851 3263 1057 3330 moderamen
1080 3264 1192 3328 ieiunii
1214 3264 1261 3327 ita
1284 3284 1338 3326 cu-

208 3347 349 3427 stodivit,
374 3353 411 3411 ut
429 3349 585 3413 Dominus
606 3351 640 3414 in
658 3351 847 3433 euvangelio
867 3349 983 3415 Iudeos
1003 3371 1150 3433 arguens,
1174 3348 1262 3430 quod
1280 3369 1338 3412 nec

208 3432 382 3498 Iohannem
411 3435 607 3499 ieiunantem
637 3457 696 3501 nec
722 3437 829 3518 ipsum
850 3434 1098 3500 manducantem
1121 3441 1154 3499 et
1174 3433 1337 3498 bibentem

207 3520 417 3600 susciperent,
437 3519 576 3584 subiecit
594 3519 719 3584 dicens:
740 3521 781 3584 Et
799 3521 968 3602 iustificata
986 3531 1029 3583 est
1047 3543 1084 3583 sa
1106 3519 1206 3583 tentia
1223 3518 1406 3600 astitisse·
1422 3525 1489 3579 '12³⁵-

169 3606 292 3684 ssuis;
322 3603 514 3668 ostendens3
536 3625 594 3688 per
615 3605 678 3670 hoe
699 3604 784 3670 filios
807 3606 986 3688 sapientiae
1008 3543 1201 3685 intelligere,
1224 3623 1283 3666 nee
1305 3603 1338 3666 in

208 3688 398 3755 abstinendo
418 3709 477 3753 nee
495 3690 529 3753 in
547 3689 773 3755 manducando
794 3711 864 3755 esse
881 3690 1054 3769 iusticiam,
1074 3695 1124 3753 set
1137 3689 1170 3752 in
1184 3689 1338 3770 aequani-

207 3777 318 3841 mitate
347 3774 509 3840 tolerandi
531 3776 672 3860 inopiam
702 3783 733 3841 et
754 3777 1005 3858 temperantiam
1026 3796 1084 3857 per
1106 3773 1338 3839 abundantiam

206 3881 271 3925 non
292 3883 327 3926 se
344 3860 572 3944 corrumpendi
591 3866 688 3944 atque
706 3868 864 3944 oportune
883 3858 1029 3925 sumendi
1047 3860 1096 3924 vel
1114 3881 1178 3924 non
1192 3858 1339 3923 sumendi

208 3965 247 4008 ea
269 3967 407 4028 quorum
430 3968 495 4012 non
517 3968 609 4027 usus,
640 3954 689 4012 set
712 3947 971 4030 eoncupiscentia
993 3945 1257 4030 reprehendenda
1280 3950 1337 4008 est.

295 4033 343 4096 14.
386 4033 563 4116 Quicquid·
599 4034 697 4098 etiam
732 4033 774 4096 ad
810 4053 888 4097 usus
918 4038 951 4097 et
979 4033 1230 4097 sustentationes
1259 4051 1339 4112 pau-

207 4134 320 4196 perum
344 4117 460 4183 beatae
484 4121 658 4183 memoriae
686 4118 836 4182 decessor
861 4139 937 4181 suus
960 4118 1163 4182 institutumh
1186 4115 1338 4196 habebat,

208 4241 230 4293 ι)
244 4243 303 4290 Quis
315 4255 368 4285 vero
382 4248 402 4286 2.
454 4245 478 4297 b)
491 4249 591 4288 lustttmn
601 4254 650 4298 post
662 4261 717 4288 corr.
730 4249 855 4288 institutum
870 4250 890 4288 l.

208 4338 235 4402 1)
254 4339 320 4408 Gap.
334 4341 360 4394 4.
434 4341 460 4406 2)
479 4343 570 4410 Epist.
585 4345 627 4398 22.
646 4344 685 4397 ad
702 4343 831 4396 musaeu
869 4340 953 4394 MAB.
1028 4339 1055 4405 3)
1082 4341 1168 4394 Verba
1189 4339 1341 4408 Aupustiai

205 4407 251 4462 bb.
270 4410 294 4463 2.
312 4417 415 4478 quaest.
434 4426 533 4478 cuano.
552 4428 573 4464 c.
592 4411 633 4465 11.
660 4407 812 4464 HENSCH.
