3154 5016
266 349 299 403 10
522 347 609 402 VITA
628 346 802 403 ANSKARII
821 349 923 405 AUCT.
942 349 1135 404 RIMBERTO.

264 502 470 566 commodatus
485 501 591 588 fuerit
612 500 644 567 S.
669 501 823 566 Germani
845 505 1013 584 monacbis,
1035 506 1097 568 sive
1118 514 1187 589 post
1208 502 1393 569 Corbeiensi

263 589 318 652 bus
337 611 397 672 pro
420 588 517 652 altero
539 588 674 652 eiusdem
697 590 879 653 monasterii
901 591 939 652 ab
961 590 1029 653 illis
1050 601 1153 652 mutuo
1176 591 1268 653 datus
1278 591 1298 654 ¹.

349 689 383 772 3)
419 690 608 754 Franciscus
647 691 795 756 Cbesnius
830 716 859 755 a.
899 693 990 756 1641.
1015 691 1088 756 Scri
1111 703 1211 756 torum
1246 693 1394 756 historiae

263 774 458 840 Francorum
484 787 504 842 t.
533 776 597 838 III.
627 777 672 860 (p.
696 776 891 855 395-409)
914 801 1062 863 mapnam
1085 717 1179 841 litae
1204 789 1324 861 partem
1347 778 1394 840 in-

265 863 369 942 seruit,
393 871 421 924 et
443 863 509 945 ipse
533 862 635 925 codice
661 863 805 926 Corbeiae
827 865 946 944 veteris,
968 875 1002 926 ut
1024 864 1145 928 videtur
1169 866 1198 944 2,
1220 886 1302 927 usus.

348 963 383 1046 4)
408 964 521 1027 Paullo
542 975 621 1048 post,
643 966 785 1030 α.1658,
810 965 1019 1029 Hammonius
1040 967 1075 1029 in
1097 966 1185 1030 Actis
1209 965 1393 1030 Sanctorum

265 1049 358 1114 Febr.
378 1050 410 1128 I,
437 1073 468 1133 p.
488 1051 560 1116 408.
584 1073 694 1113 novam
721 1051 885 1114 editionem
905 1051 1046 1134 parauit,
1073 1062 1107 1113 vt
1128 1055 1194 1136 ipse
1217 1062 1328 1130 monet,
1355 1075 1394 1114 erc

264 1137 445 1220 apoprapbo
468 1136 584 1199 codicis
606 1133 637 1198 S.
661 1134 814 1199 Germani
834 1134 1046 1200 Parisiensis2
1068 1147 1211 1216 sumtum,
1239 1139 1292 1201 sed
1315 1160 1394 1222 quae

261 1244 351 1306 saepe
374 1221 418 1284 ad
439 1222 641 1285 recensionem
666 1221 697 1282 B
718 1220 844 1286 rediit3.

347 1307 395 1370 De
418 1308 525 1370 ceteris
547 1330 624 1390 quae
647 1309 764 1371 monuit
785 1307 970 1370 Dallmann
992 1318 1126 1391 repetere
1147 1309 1250 1370 iuvat:

347 1409 382 1490 5)
409 1410 627 1474 ‘Mabillonius
649 1413 683 1474 in
706 1409 794 1472 Actis
818 1408 1002 1472 Sanctorum
1028 1410 1151 1473 ordinis
1175 1408 1206 1472 S.
1230 1410 1393 1472 Benedicti

262 1519 341 1560 saec.
362 1495 421 1574 IV,
446 1521 475 1580 p.
496 1497 542 1559 ΙΙ.
562 1506 675 1558 tentum
696 1495 860 1580 pollicetur
884 1502 931 1558 ‘ere
953 1495 1044 1558 libris
1067 1496 1160 1558 editis
1181 1505 1209 1558 et
1227 1519 1297 1559 mss.
1321 1493 1393 1558 Cor-

263 1581 347 1644 beiae
373 1581 506 1659 veteris’,
538 1581 592 1644 scd
619 1605 672 1645 nec
701 1603 857 1644 recensum
884 1580 1022 1643 codicum
1050 1581 1149 1659 dedit,
1179 1604 1234 1644 nec
1259 1581 1394 1644 iustitut‘

263 1667 414 1730 rationem
443 1667 575 1751 aperuit.
630 1667 707 1730 Levi
735 1688 831 1750 opera
860 1665 1022 1751 defunctus
1052 1666 1188 1745 videtur,
1213 1667 1394 1750 plerumque

262 1751 490 1816 Henscbenium
512 1750 658 1836 referens.

348 1855 383 1936 6)
414 1855 544 1920 Claudii
566 1855 719 1918 Arulenii
740 1839 943 1939 (llrnlp‘elm),
967 1854 1002 1917 in
1024 1853 1188 1917 academia
1217 1852 1394 1938 Upsaliensi

263 1940 410 2003 historiae
429 1940 632 2024 professoris,
654 1941 749 2004 editio
772 1939 935 2022 (Holmiae
959 1940 1050 2006 1677.
1072 1937 1141 2023 40),
1164 1949 1276 2002 tentum
1303 1939 1392 2002 Lam-

263 2025 341 2088 becii
362 2037 506 2110 repetens,
535 2027 648 2090 addita
669 2027 806 2089 versione
830 2023 973 2104 Suecica,
1000 2025 1120 2089 saeculo
1142 2025 1260 2089 decimo
1282 2035 1393 2110 quarto

262 2111 297 2172 in
325 2109 426 2174 Vallis
455 2111 589 2176 Gratiae
612 2109 816 2197 (Nddendal)
844 2111 1029 2174 monasterio
1054 2110 1231 2196 elaborata,
1257 2133 1335 2194 quae
1361 2120 1394 2172 ut

263 2196 337 2259 olim
359 2198 518 2260 nonnullis
540 2197 733 2274 lectionibus,
758 2218 835 2280 quae
859 2194 1076 2260 lambeciauis
1097 2206 1302 2280 praestarent,
1325 2217 1393 2258 con-

254 2281 428 2364 firmandis
446 2283 561 2366 fuerit,
584 2285 630 2346 ita
653 2305 734 2346 nunc
756 2283 811 2345 viv
830 2291 962 2344 merctur
980 2282 1182 2348 collationem.
1220 2280 1394 2365 Eaemplar

263 2366 339 2429 libri
360 2369 498 2432 rarioris
521 2368 679 2432 debuimus
701 2368 889 2430 humanitati
917 2367 945 2432 V.
969 2367 1105 2431 illustris
1125 2366 1284 2431 Friderici
1301 2367 1393 2429 Miiu-

262 2453 331 2531 tcri,
354 2454 491 2538 episcopi
514 2452 692 2518 Selandiae.

349 2555 383 2639 7)
430 2556 642 2641 Stapborstius
681 2577 797 2640 quoquc
837 2555 872 2618 iu
912 2554 1073 2618 Historiae
1112 2555 1255 2619 ecclesiae
1294 2554 1392 2616 Ham-

263 2641 424 2726 burpensis
455 2643 675 2727 diplomaticae
706 2651 726 2708 t.
749 2641 781 2720 I,
811 2664 843 2725 p.
873 2641 900 2704 1.
929 2641 963 2702 in
994 2651 1077 2705 tenta
1106 2639 1313 2704 Lambeciauo
1343 2663 1393 2703 ac-

263 2728 385 2811 quievit,
409 2729 460 2790 cui
480 2729 588 2791 varias
607 2728 747 2791 lectiones
764 2749 803 2790 erc
821 2727 909 2790 Actis
922 2727 1108 2810 praesertim
1126 2725 1282 2788 Bollandi
1299 2725 1394 2788 obiter

263 2823 429 2877 annotatas
451 2814 600 2877 adiecisse
623 2814 701 2877 satis
723 2812 838 2876 babuit.
884 2811 914 2874 A
937 2834 1000 2896 qua
1022 2811 1136 2874 iudicii
1158 2811 1286 2896 sepnitie
1307 2811 1393 2896 leupo

262 2899 384 2982 quidem
407 2897 513 2982 abfuit

350 2998 383 3086 8)
412 3000 636 3086 Lanpebelcius,
659 3001 714 3084 qui
735 3001 897 3064 destitutus
919 3023 973 3085 ope
996 3000 1143 3078 codicum,
1168 2999 1337 3082 quinoque
1359 2999 1393 3060 in

262 3085 374 3148 Dania
397 3086 572 3170 (deperdito
591 3083 757 3170 Stephanii
779 3087 891 3165 codice,
914 3087 1001 3149 cuius
1023 3087 1058 3147 iu
1079 3086 1159 3148 notis
1177 3085 1221 3146 ad
1240 3085 1394 3147 Sucronem

265 3169 405 3234 Gramm.
420 3195 451 3253 p.
469 3171 539 3236 193.
555 3170 693 3254 mentio),
711 3194 804 3255 neque
818 3172 852 3234 in
868 3171 989 3250 Suesia,
1008 3180 1154 3255 quantum
1169 3171 1282 3233 rescire
1293 3169 1391 3254 potui,

261 3255 496 3339 reperiuntur4,
527 3255 724 3339 Scriptorum
750 3279 853 3320 rerum
875 3257 1073 3319 Danicarum
1100 3266 1180 3319 tomo
1202 3254 1226 3317 I
1243 3257 1288 3338 (p.
1312 3253 1392 3336 429)

262 3341 343 3406 locos
370 3341 539 3427 manifesta
566 3341 740 3426 corruptela
767 3343 944 3427 impeditos,
971 3363 1009 3404 erc
1037 3340 1127 3404 libris
1154 3340 1246 3404 editis
1268 3349 1393 3403 sanatos

264 3479 290 3545 1)
304 3481 349 3533 Dc
361 3481 414 3534 hac
427 3480 543 3534 editione
549 3481 673 3543 fortasse
687 3482 767 3534 nimis
781 3481 874 3534 acerbe
888 3479 1021 3534 iudicavit
1034 3478 1209 3532 Dablmouu:
1224 3477 1289 3546 ‘quo
1302 3478 1394 3531 minus

262 3549 415 3602 restitutum
433 3549 525 3613 daret,
550 3549 689 3616 impedivit
707 3550 816 3603 editoris
839 3549 947 3603 sivein
965 3547 1120 3602 adhibendo
1142 3549 1262 3614 exemplo
1285 3547 1393 3611 codicis,

262 3618 373 3671 indocto
387 3634 471 3672 mauu
485 3617 622 3685 descmpti,
640 3618 766 3672 iuvenilis
780 3618 899 3681 mauric,
913 3618 968 3670 sive
981 3615 1140 3681 innovandi,
1153 3616 1183 3668 in
1197 3616 1281 3670 verbis
1288 3615 1393 3681 facilis,

262 3686 398 3739 temeritas
407 3685 454 3751 (cs.
470 3683 592 3739 “Archiv
601 3687 627 3739 d.
639 3684 693 3740 Gn
703 3687 766 3750 III,
779 3688 850 3750 494),
866 3703 925 3740 cum
935 3701 1041 3739 summa
1054 3684 1219 3752 typopraptti
1230 3684 1394 3751 nepliqentia

264 3755 417 3807 coniuncta.
454 3755 545 3809 Scatct
562 3755 632 3808 enim
651 3755 731 3809 editio
742 3755 838 3819 foedis
855 3754 993 3808 erroribus
1011 3761 1036 3808 a
1053 3768 1145 3806 recens
1158 3752 1268 3806 invectis
1282 3767 1393 3820 corrup·

261 3822 345 3876 telis'.
406 3823 433 3888 2)
452 3824 519 3876 Ibid
535 3839 562 3890 p.
576 3823 640 3878 394:
660 3821 782 3889 ‘Iutepra
799 3838 860 3890 erpo
876 3831 955 3891 atque
968 3823 1133 3876 intaminata
1147 3821 1245 3873 damin
1258 3837 1290 3874 ea
1304 3821 1394 3874 codice

262 3907 311 3944 ms.
326 3892 480 3945 Parisiensi
496 3893 669 3946 bibliothecae
688 3893 844 3946 monasterii
858 3893 886 3946 S.
901 3891 1034 3944 (lamani
1050 3891 1082 3943 dc
1096 3889 1191 3943 Pratis
1209 3889 1266 3942 ord.
1282 3889 1310 3943 S.
1324 3891 1393 3942 Ben.

263 3960 400 4026 descripta
418 3977 436 4014 a
453 3976 506 4014 rev.
529 3961 556 4014 d.
579 3977 613 4014 ac
632 3967 713 4026 patre
731 3960 859 4013 Auselmc
878 3959 1011 4014 Micboeie
1032 3959 1093 4014 istic
1110 3957 1251 4025 reliqioso'.
1292 3958 1392 4011 Addit:

264 4026 380 4082 ‘Eadem
394 4035 503 4083 vastant
517 4030 546 4082 iu
561 4028 718 4082 bibliotheca
733 4027 859 4082 Corbeiae
869 4027 999 4091 Gallicae,
1017 4028 1094 4080 cuius
1109 4026 1198 4080 codice
1210 4043 1259 4080 ms.
1273 4028 1319 4080 usi
1330 4031 1396 4079 suut

263 4098 433 4152 Franciscus
447 4096 582 4152 Cnesncus
596 4104 621 4151 et
632 4098 715 4164 Hupc
730 4096 916 4150 Meruardus'.
969 4093 994 4160 3)
1013 4096 1078 4148 Ideo
1096 4097 1141 4148 viv
1154 4111 1187 4148 ca
1205 4095 1286 4149 laude
1300 4096 1393 4162 dana,

263 4182 319 4234 qua
337 4182 397 4220 cam
411 4167 573 4221 Doblmann
591 4164 682 4231 effert:
701 4162 810 4219 ‘tentum
829 4167 905 4232 lonqe
923 4165 1129 4218 emendatiorem
1146 4169 1171 4217 et
1188 4165 1295 4218 omnino
1313 4165 1394 4217 talem

263 4235 400 4299 cohibens,
419 4237 468 4304 qui
487 4249 649 4301 mapnopcre
668 4233 805 4300 confirmet
823 4233 1050 4300 Stuttpardiensis
1070 4233 1169 4288 codicis
1187 4234 1392 4288 auctoritatcm'.

262 4303 300 4355 Id
322 4305 394 4370 quod
418 4303 576 4358 lectionibus
600 4303 630 4355 in
653 4304 723 4357 notis
749 4302 840 4356 allatis
864 4303 909 4355 viv
934 4301 1117 4368 confirmatur.
1187 4303 1214 4364 4)
1238 4300 1281 4367 Of.
1303 4307 1393 4354 tamen

262 4387 332 4440 quac
348 4388 375 4440 p.
394 4371 419 4425 9.
437 4372 470 4426 dc
487 4373 516 4425 B
529 4371 566 4424 2*
584 4371 685 4424 monui.
