3154 5016
613 367 701 422 VITA
719 366 903 422 ulmenam.
1289 368 1322 422 81

282 521 368 596 Quae
386 522 531 586 Adamas
553 522 732 586 Bremensis
755 521 833 585 libro
854 518 877 584 Ι
893 520 976 607 (cap.
992 518 1142 604 37—46)
1163 542 1201 583 en
1220 530 1324 584 nostro

194 609 359 694 decerpsit,
386 608 536 671 maiorem
560 617 683 693 partem
709 617 867 672 contracta
893 617 963 670 arnt
988 605 1034 669 vel
1053 628 1113 690 pro
1135 606 1238 690 operis
1259 607 1325 669 eius

193 696 323 758 consilio
344 695 508 757 immutata
513 717 526 774 ,·
547 694 601 757 sed
622 693 790 778 refutando
808 692 1000 756 Henscbenio
1019 693 1169 755 inseruire
1184 701 1325 776 possunt,

194 782 262 864 qui,
292 780 487 843 Rimbertum
513 802 571 864 per
598 779 742 843 baculum
765 778 973 862 pontificalem
999 801 1019 840 a
1041 776 1229 842 Hludocoico
1255 799 1325 862 repe

193 867 370 930 investitum
396 887 473 945 esse,
501 887 593 950 aepre
612 865 738 949 serens,
764 888 801 928 ea
828 865 942 949 capitis
965 865 1015 930 ll.
1038 863 1131 926 uerba
1149 873 1257 947 postea
1278 863 1326 925 in

193 961 281 1015 trusa
303 973 375 1030 esse,
397 950 488 1013 nulla
510 951 632 1014 ratione
651 949 812 1036 probabili
833 950 994 1029 subnisus,
1017 949 1152 1012 comit)

282 1036 400 1111 Quibus
421 1037 475 1100 boc
496 1059 592 1099 unum
614 1037 730 1100 addere
750 1036 852 1116 celim,
874 1037 941 1098 iam
960 1057 1022 1099 non
1039 1034 1117 1098 satis
1134 1035 1172 1098 dc
1189 1035 1325 1118 pennino.

195 1123 269 1186 libri
289 1123 401 1207 forma
429 1131 568 1186 constare
573 1171 583 1202 ,
613 1143 681 1185 curn
703 1121 786 1186 solus
812 1121 867 1206 qui
895 1131 1029 1206 superest
1059 1120 1154 1184 coden
1182 1119 1326 1200 Vicetini,

195 1210 290 1294 (nunc
316 1209 428 1272 iterum
455 1208 600 1289 collatus)
623 1231 684 1272 non
707 1209 772 1272 eius
794 1207 835 1272 sit
861 1207 1071 1286 auctoritatis,
1097 1215 1130 1268 nt
1143 1205 1243 1290 fldem
1265 1228 1326 1269 cer-

193 1305 259 1358 tam
287 1295 317 1357 ei
345 1293 523 1372 babeamus,
554 1293 616 1356 alii
641 1316 712 1357 uero
739 1293 777 1357 ab
804 1292 974 1356 editoribus
1000 1291 1137 1355 adhibiti
1162 1292 1250 1355 cuins
1277 1313 1326 1354 ae-

194 1381 269 1443 tatis
290 1379 433 1464 fuerim,
456 1379 554 1464 plane
576 1381 760 1464 ipnoremus.
813 1376 900 1442 Certe
928 1401 1007 1462 quae
1033 1401 1057 1442 c.
1084 1379 1110 1441 1.
1139 1377 1176 1441 de
1202 1377 1327 1462 populis

194 1466 484 1550 septentrionalibus
501 1465 644 1529 ecclesiae
662 1464 948 1549 Hammabarpensi
971 1463 1160 1528 subiciendis
1177 1464 1212 1526 in
1231 1463 1327 1525 omni-

193 1552 248 1615 bus
269 1561 453 1629 narrantur,
476 1561 545 1635 post
565 1551 756 1636 interpolata
777 1573 853 1631 esse,
875 1573 957 1612 nunc
978 1551 1056 1614 satis
1078 1547 1226 1613 constat¹.
1270 1547 1327 1611 Lo-

195 1659 244 1700 cos
273 1659 342 1700 ocro
371 1659 409 1700 erc
431 1635 631 1722 Hieronymi,
662 1636 847 1721 Anpustini,
885 1634 1034 1722 (inoporii
1062 1634 1154 1698 libris
1182 1635 1226 1698 ad
1255 1657 1327 1698 nar-

194 1723 346 1786 rationem
377 1723 456 1786 satis
486 1723 626 1786 idunan
657 1722 833 1786 ornandam
863 1731 977 1785 sumtos
1004 1721 1070 1806 ipsi
1098 1721 1220 1784 auctori
1249 1729 1327 1784 recte

195 1807 325 1874 tribuas.

280 2099 477 2182 'Scriptum‘
501 2099 620 2164 1110111
643 2119 716 2163 cum
735 2099 822 2163 omni
841 2119 967 2180 semper
983 2099 1190 2163 veneratione
1207 2118 1326 2162 memo-

194 2184 289 2248 randi
308 2185 484 2250 1111110111ο
505 2182 703 2268 1011110101,
727 2205 811 2267 quae
830 2182 925 2247 offitii
944 2185 1013 2248 eius
1030 2184 1178 2267 primitus
1200 2183 1327 2249 occasio

196 2271 305 2352 fuerit,
329 2276 386 2335 aut
408 2292 504 2353 quem
528 2269 569 2334 ad
591 2269 653 2335 hoo
675 2271 894 2335 institutorem
916 2269 965 2334 vel
986 2271 1236 2335 conversationis
1255 2290 1329 2352 pro-

197 2356 318 2421 fectum
345 2355 507 2437 habuerit,
535 2377 591 2421 seu
613 2356 754 2438 qualiter
777 2355 903 2420 adhoc
926 2356 1047 2421 electus
1071 2356 1220 2440 deinceps
1242 2357 1328 2420 vixe-

195 2443 249 2523 rit,
273 2443 485 2525 inquantum
508 2441 589 2508 haec
613 2442 836 2525 comperimus,
859 2440 999 2507 fideliter
1021 2463 1219 2507 enarramus

284 2617 309 2678 1.
343 2612 423 2678 (lum
444 2613 621 2696 imperator
641 2612 849 2679 Hludovvicus
868 2615 960 2696 regni
980 2613 1180 2678 Francorum
1200 2633 1329 2677 monar-

195 2698 319 2763 0111011θ
341 2705 474 2779 teneret,
498 2700 623 2764 auctori
646 2699 885 2764 sublimationis
908 2720 987 2764 suae
1005 2699 1074 2763 Deo
1097 2699 1196 2764 talem
1216 2698 1328 2763 101010

194 2785 296 2849 vicem
326 2784 514 2849 redhiberef
552 2785 691 2864 curavit,
726 2791 763 2849 ut
794 2785 950 2850 ccclesiae
979 2785 1038 2850 Dei
1068 2787 1102 2850 in
1131 2806 1230 2868 regno
1260 2785 1328 2849 eius

196 2870 390 2934 constitutae
414 2869 541 2935 decenti
562 2871 672 2952 vigore
694 2868 924 2954 proficerentss,
954 2891 1120 2936 servorum
1145 2877 1330 2953 quoquest

195 2954 389 3020 ancillarum
419 2955 481 3019 Dei
512 2961 617 3021 status
649 2977 721 3020 cum
752 2953 885 3020 honoris
915 2957 1112 3022 incremento
1143 2955 1243 3020 latius
1275 2976 1329 3020 ex-

197 3047 364 3106 cresceret.
410 3042 470 3105 His
493 3042 562 3105 eius
585 3041 725 3106 assiduis
750 3041 1015 3107 meditationibus
1039 3064 1078 3107 ex
1100 3041 1208 3107 divina
1229 3043 1328 3125 inspi-

195 3128 322 3192 ratione
358 3127 554 3192 subintravit
588 3128 687 3192 etiam
721 3128 892 3208 memoria,
928 3128 1069 3211 qualiter
1104 3129 1328 3193 serenissimus

194 3220 288 3296 pater
322 3233 399 3278 suus
428 3213 570 3279 Karalus
605 3219 815 3296 cognomento
843 3212 980 3297 Magnus
1011 3220 1138 3296 gentem
1165 3213 1328 3279 Saxonum

196 3305 329 3363 eotenus
358 3297 520 3364 infidelem
549 3298 591 3362 ad
616 3297 714 3364 fidem
738 3297 859 3364 Christi
886 3301 1093 3379 converterit,
1124 3297 1198 3386 [eth]
1226 3319 1328 3381 usque

195 3383 303 3484 adhuc
338 3384 495 3449 ordinatis
530 3405 588 3467 per
622 3385 727 3466 ipsam
760 3386 959 3467 provinciam
991 3384 1164 3449 sufficienti
1194 3405 1328 3448 numero

196 3470 369 3552 episcopis,
401 3476 434 3535 01
462 3468 593 3534 sedibus
622 3490 734 3534 eorum
762 3470 895 3552 provide
925 3468 1121 3548 distributis,
1152 3475 1329 3534 extremam

197 3553 239 3617 ad
260 3553 391 3636 plagam
413 3555 643 3636 0111110101011ί
675 3553 820 3619 ciusdem
845 3555 1032 3638 provinciae
1053 3560 1179 3638 partem
1202 3553 1245 3618 ad
1267 3554 1329 3618 hoc

195 3641 416 3719 reservaverit,
440 3646 477 3704 ut
497 3638 619 3704 ibidem
641 3639 925 3724 archiepiscopalis
944 3641 1205 3705 construereturk
1225 3639 1327 3720 sedes,

196 3724 282 3789 unde
302 3725 505 3808 praedicatio
528 3724 618 3789 verbi
636 3725 698 3790 Dei
720 3723 865 3790 finitimis
883 3723 976 3790 fieret
993 3724 1130 3809 populis,
1155 3723 1327 3804 8110011111,

196 3809 372 3892 Dacorum,
394 3810 632 3890 Norvveorum¹,
659 3810 802 3890 Farriac,
821 3810 1039 3891 Gronlandan,
1060 3809 1223 3889 Islandan,
1242 3809 1329 3874 Scri·

196 3895 363 3977 divindan,
406 3896 576 3962 Slavorum
612 3916 736 3962 necnon
777 3899 919 3962 omnium
960 3896 1261 3980 septentrionalium
1296 3903 1329 3961 01

196 4052 213 4089 ι’
231 4051 323 4101 capitum
336 4051 429 4091 indicem
441 4053 553 4101 praemittit
567 4052 586 4090 2.
671 4049 695 4102 b)
708 4053 777 4092 vllam
790 4055 813 4092 et
826 4055 845 4091 1.
925 4050 946 4101 0)
959 4053 1071 4092 Rembcrt.
1084 4052 1196 4101 tempere.
1271 4049 1294 4100 1)
1307 4053 1329 4090 01

195 4103 284 4143 01012.
337 4101 510 4153 0)1110100111011
523 4113 577 4143 corr.
592 4103 741 4144 monarchiam
757 4105 775 4144 1.
832 4101 852 4154 l)
865 4103 987 4144 10110102.
1003 4105 1025 4144 3.
1082 4102 1105 4154 g)
1118 4101 1274 4151 perficerentur
1287 4103 1327 4142 ³⁸.

195 4152 220 4257 p?
229 4152 363 4245 §gibid-irin
360 4156 389 4244 132
392 4155 451 4244 'aare
464 4155 482 4194 s.
498 4156 517 4195 3.
565 4153 583 4204 1)
596 4155 742 4204 aquilonalem
756 4165 809 4196 corr.
823 4156 1006 4204 aquilonaremn
1053 4155 1078 4207 k)
1092 4155 1261 4194 constitueretur
1273 4155 1293 4193 2.
1307 4155 1328 4194 8.

198 4325 224 4392 1)
255 4325 438 4393 Koppmann,
461 4323 529 4381 ‘Die
554 4327 667 4382 altena
696 4327 855 4382 Urbanden'
882 4343 910 4393 p.
928 4327 974 4392 623
1002 4325 1091 4380 1101110
1115 4327 1160 4388 ΙΙ,
1187 4325 1218 4390 2,
1239 4340 1269 4392 p.
1285 4326 1327 4380 39.

197 4395 272 4458 aaa
289 4395 373 4450 Perta
390 4395 429 4449 ad
445 4410 478 4449 ea
496 4395 614 4450 tutanda
632 4397 723 4451 attnb't
740 4396 934 4464 diplomatibus
945 4395 1055 4464 spanis
1072 4395 1205 4450 nituntur.

1088 4499 1105 4552 6
