3154 5016
263 383 296 437 76
516 381 604 437 VITA
622 381 795 436 ANSKARII
813 380 915 438 AUOT.
933 384 1126 440 RIMBERTD.

183 549 247 597 ses.
264 538 380 618 allatis,
399 559 498 602 unum
512 542 587 602 ante
605 536 708 602 altare
727 543 858 602 sanctae
875 537 999 604 Mariae
1017 539 1190 606 accendere
1207 541 1380 623 praecepit,

264 624 402 688 alterum
426 644 502 688 vero
529 629 603 688 ante
630 622 734 688 altare
761 624 865 688 sancti
886 625 988 705 Petri,
1017 626 1150 691 tertium
1176 631 1284 691 autem
1307 632 1382 691 ante

264 710 366 774 altare
389 711 492 774 sancti
510 709 662 774 Iohannis
684 709 857 792 baptistae,
882 718 1006 794 optans,
1029 718 1066 777 ut
1084 713 1147 796 ipsi
1165 734 1237 777 enm
1254 711 1293 776 de
1312 733 1382 778 cor-

262 818 340 880 pore
358 797 556 879 susciperent
573 795 796 877 egredientem,
817 799 871 878 qui
890 798 924 861 in
943 797 1146 880 supradicta
1165 799 1286 862 visione
1305 799 1381 863 olim

264 883 331 946 eius
361 882 490 946 fuerant
512 881 670 946 ductores.
729 880 898 946 Ceterum⁸
923 884 1090 967 praedicta
1118 882 1303 948 infirmitate
1333 886 1380 949 ita

264 974 335 1033 erat
355 967 510 1050 fatigatus
533 973 566 1032 et
587 968 728 1046 attritus,
755 973 791 1032 ut
811 989 891 1051 pene
913 970 979 1033 iam
1000 971 1033 1033 in
1056 991 1189 1053 corpore
1211 971 1312 1048 ipsius
1333 971 1381 1034 ni·

262 1054 309 1118 hil
330 1060 519 1134 remaneret,
543 1055 683 1136 exceptis
706 1053 842 1133 ossibus,
865 1057 969 1119 nervis
989 1056 1098 1138 ligatis
1119 1062 1151 1121 et
1169 1056 1258 1120 corio
1276 1057 1379 1121 tectis.

263 1140 412 1204 Attameo
438 1141 507 1224 ipse
534 1160 658 1223 semper
683 1139 717 1202 in
740 1139 868 1204 Domini
894 1141 989 1206 laude
1017 1162 1050 1206 se
1073 1141 1252 1206 exercebat.
1304 1141 1381 1206 11111-

154 1241 219 1282 Febr·
230 1241 249 1280 21
265 1232 409 1291 cescente
430 1246 505 1290 vero
527 1225 592 1289 iam
614 1223 720 1289 dictae
741 1224 925 1292 festivitatis
948 1227 1013 1306 die,
1042 1229 1157 1291 missas
1178 1248 1237 1311 pro
1260 1249 1311 1307 eo,
1340 1229 1381 1292 si-

261 1313 327 1377 cuti
354 1311 471 1377 cotidie
499 1310 585 1375 soliti
613 1311 775 1390 fuerantb,
806 1314 913 1377 cuncti
938 1335 1019 1396 pene
1046 1315 1099 1396 qui
1128 1312 1248 1377 affuere
1275 1334 1381 1378 sacer-

260 1398 352 1463 dotes
380 1398 591 1463 celebrarunt.
641 1396 714 1480 Ipse
745 1418 820 1462 vero
848 1398 998 1463 ordinare
1026 1400 1144 1481 coepit,
1176 1400 1316 1481 qualiter
1338 1400 1381 1464 ad

258 1485 412 1566 populum
441 1482 532 1548 fieret
561 1504 680 1562 sermo,
710 1503 857 1548 asserens
884 1485 965 1549 nihil
993 1506 1027 1549 se
1055 1485 1168 1549 eodem
1194 1485 1246 1551 die
1272 1491 1381 1568 gusta-

259 1577 377 1650 turum,
397 1568 497 1633 donec
514 1568 645 1652 publica
657 1567 804 1634 finiretur
818 1571 924 1635 missa.
962 1571 1032 1647 Qua
1049 1569 1151 1651 linita,
1170 1592 1242 1635 cum
1254 1592 1381 1654 parum·

258 1678 316 1740 per
345 1655 536 1721 comedisset
565 1660 597 1719 et
625 1654 773 1736 bibisset,
802 1677 860 1740 per
886 1677 1011 1721 omnem
1040 1677 1121 1740 pene
1147 1657 1230 1721 diem
1259 1657 1380 1722 studio-

259 1744 325 1806 sius
357 1761 557 1806 commonere
589 1751 682 1805 suos⁰
716 1748 748 1806 et
778 1742 821 1806 ad
850 1742 981 1807 Domini
1012 1742 1176 1808 servitium
1207 1743 1381 1807 accendere

259 1828 396 1908 studuit,
419 1848 504 1892 nunc
526 1828 751 1907 communiter,
775 1849 859 1892 nunc
881 1829 1067 1911 singillatim
1090 1849 1262 1910 quemque,
1285 1836 1382 1912 prout

257 1920 399 1998 poterat,
431 1913 473 1977 ad
503 1912 645 1977 divinum
676 1916 821 1978 animans
853 1916 1026 1980 servitium.
1080 1913 1240 1978 Marcime‘1
1273 1921 1381 1979 tamen

259 2002 326 2064 eius
358 2021 437 2064 cura
468 2005 500 2063 et
530 1999 713 2064 soDicitudo
745 1999 785 2065 de
815 2021 875 2064 sua
905 2000 968 2065 fuit
997 2000 1158 2082 legatione
1189 2000 1232 2064 ad
1260 2007 1379 2082 gentes.

258 2086 392 2151 Noctem
421 2105 548 2168 quoque
577 2091 770 2168 sequentem.
790 2087 824 2149 in
851 2087 972 2150 talibus
1002 2086 1275 2151 admonitionibus
1301 2107 1381 2170 pene

259 2173 351 2236 duxit
379 2171 572 2236 continuam.
631 2171 762 2236 Fratres
788 2193 863 2236 vero
894 2173 950 2255 qui
976 2172 1125 2251 aderant,
1157 2194 1229 2237 cum
1257 2179 1290 2237 et
1314 2172 1381 2237 lae

257 2260 381 2322 taniam
410 2257 554 2322 facerent
580 2262 612 2320 et
637 2258 779 2340 psalmos
807 2279 845 2322 ex
871 2278 959 2323 more
980 2279 1040 2340 pro
1063 2259 1131 2322 eius
1155 2259 1243 2323 exitu
1265 2256 1381 2322 decan-

257 2350 373 2423 tarent,
393 2343 559 2407 admonuit
576 2344 655 2424 ipse,
674 2349 711 2407 ut
728 2345 826 2408 etiam
842 2355 990 2426 1111111111θ
1011 2344 1052 2408 ad
1072 2342 1202 2408 laudem
1219 2344 1280 2407 Dei
1297 2365 1376 2408 com-

257 2430 408 2512 positum,
430 2428 465 2492 id
487 2435 536 2493 est
563 2427 603 2492 Tc
624 2430 726 2493 Deum
750 2430 927 2511 laudamus,
949 2431 1071 2512 pariter
1094 2435 1257 2510 canerent,
1286 2429 1381 2493 fidem

259 2536 387 2598 quoque
414 2514 606 2579 catholicam
633 2536 653 2578 a
679 2515 775 2580 beato
798 2515 975 2580 Athanasio
999 2517 1217 2598 compositam.
1267 2515 1383 2580 Manes

149 2631 243 2670 roias.
258 2622 334 2666 vero
361 2601 462 2679 facto,
497 2600 644 2665 omnibus
672 2600 758 2666 fereg
791 2604 846 2683 qui
874 2601 1009 2666 aderant
1035 2601 1258 2666 sacerdotibus
1287 2622 1382 2666 sacra

257 2688 428 2752 missarum
452 2685 619 2750 sollemnia
640 2707 699 2767 pro
723 2708 760 2751 eo
784 2687 1031 2768 celebrantibus
1061 2687 1213 2752 dominici
1236 2690 1381 2770 corporis

258 2779 290 2838 et
312 2773 475 2856 sanguinis
494 2773 716 2837 communione
733 2779 892 2857 percepta,
917 2774 1041 2838 elevata
1058 2795 1156 2836 manu
1175 2773 1379 2858 precabatur,

257 2865 306 2939 ut,
337 2860 530 2941 quicumque
559 2858 591 2920 in
622 2879 693 2922 eum
723 2880 852 2941 quoquo
884 2859 979 2924 modo
1009 2864 1189 2942 peccasset,
1222 2859 1329 2924 divina
1352 2861 1381 2923 ei

256 2946 360 3027 pietas
391 2944 579 3008 remitteret.
634 2943 757 3008 Deinde
785 2945 959 3010 versiculos
991 2947 1070 3009 istos
1101 2947 1206 3027 coepit
1235 2945 1381 3027 frequen-

129 3059 169 3098 rs.
179 3060 210 3108 11,
223 3060 243 3098 1.
259 3032 322 3095 tius
344 3035 502 3112 repetere:
540 3028 713 3094 &cundum
734 3032 981 3095 misericordiam
1001 3043 1087 3094 tuam
1108 3042 1253 3095 momento
1272 3033 1333 3095 mci
1349 3042 1382 3094 tu

105 3143 158 3182 nuo.
169 3145 201 3192 rs,
214 3145 245 3184 ra.
259 3127 386 3202 propter
406 3116 569 3180 bonitatem
586 3127 681 3196 tuam,
702 3118 853 3197 Domiac;
876 3123 921 3182 et:
944 3118 1030 3182 Deus
1050 3118 1208 3201 propitias
1227 3127 1287 3181 esto
1304 3117 1382 3180 mibi

168 3232 244 3280 1111.
258 3203 430 3288 peccatori;
459 3206 503 3265 et:
538 3201 576 3262 In
604 3225 715 3267 marius
744 3213 827 3282 tuos,
855 3203 1003 3282 Domine,
1035 3203 1208 3266 commendo
1236 3204 1381 3287 spiritum

257 3288 385 3352 maarai.
436 3285 582 3370 Cumque¹
605 3287 686 3352 haec
714 3288 783 3371 ipse
811 3289 937 3371 saepius
965 3293 1125 3370 repeteret
1148 3293 1181 3352 et
1203 3287 1382 3369 frequenti¹

257 3371 402 3437 anhelitu
424 3372 489 3436 iam
512 3392 550 3435 ea
568 3372 773 3456 frequentare
791 3394 855 3437 non
872 3373 1002 3454 valeret,
1028 3373 1154 3437 cuidam
1174 3373 1269 3437 fratri
1287 3393 1381 3457 prae-

258 3459 351 3541 cepit,
374 3464 411 3522 ut
428 3459 508 3522 haec
531 3457 643 3522 eadem
664 3459 753 3523 vicek
774 3458 861 3523 illius
881 3458 1113 3542 frequentando
1133 3464 1271 3526 caneret.
1314 3459 1381 3523 Sic-

258 3566 329 3628 que,
351 3544 451 3609 oculis
473 3545 506 3608 in
525 3546 648 3609 caelum
666 3546 806 3625 intentis,
831 3545 959 3609 Domini
980 3546 1104 3627 gratiae
1123 3545 1380 3609 commendatum

151 3641 243 3693 '‘r-⁷24·
258 3631 405 3714 spiritum
428 3631 605 3695 exhalavit¹
624 3631 762 3695 vitae*¹.
805 3630 921 3695 *Cuius
947 3652 1081 3714 corpore
1100 3652 1138 3694 ex
1155 3651 1244 3694 more
1267 3635 1379 3695 curato

251 3758 252 3764 ¹
315 3768 341 3834 *)
360 3770 469 3824 Desunt
490 3771 596 3838 reliquo
613 3786 697 3891 usgue
714 3769 752 3823 ad
764 3770 847 3837 finem
867 3771 932 3825 libri
948 3773 988 3833 B;
1011 3773 1037 3824 B
1053 3773 1066 3823 1
1086 3769 1161 3824 add:
1185 3769 1302 3836 Explicit
1324 3770 1380 3822 vita

358 3837 519 3890 sanctissimi
537 3839 621 3904 patris
665 3838 775 3905 negarii
793 3839 873 3904 primi
887 3838 1131 3906 Nordalbingorum
1145 3838 1334 3905 archiepiscopi
1353 3841 1380 3890 et

358 3906 475 3958 omnium
489 3906 737 3973 septentrionalium
752 3909 779 3960 et
792 3908 962 3961 orientalium
975 3908 1114 3960 nacionum
1128 3907 1222 3974 legati.
1247 3907 1379 3960 Felicitan

359 3971 452 4026 Amen.
489 3977 516 4027 B
529 3977 545 4028 2
559 3977 638 4029 odd:
658 3975 732 4029 Finis
750 3976 822 4029 vitae
840 3994 861 4029 s.
879 3993 904 4043 p.
923 3974 1064 4029 Anacharii
1082 4003 1112 4012 -
1131 3976 1277 4030 nationum.

256 4091 277 4144 a)
291 4103 366 4132 novum
379 4105 424 4142 cop.
435 4092 481 4142 (106
499 4094 540 4132 inc.
555 4093 582 4133 a?
589 4095 608 4133 3.
625 4094 714 4135 aialdu
758 4096 781 4135 bl
790 4095 862 4134 fuerat
870 4107 923 4134 corr.
933 4095 1020 4133 fuerant
1028 4097 1046 4132 1.
1092 4093 1112 4144 c)
1118 4098 1166 4144 post
1174 4095 1226 4134 add.
1236 4097 1259 4133 at
1267 4094 1350 4133 videtur
1360 4096 1378 4132 1.

256 4145 278 4190 1)
291 4156 365 4184 avum
379 4156 424 4192 cap.
436 4092 492 4195 (1111
505 4147 546 4184 aa
561 4145 613 4185 aaa.
631 4147 720 4186 auus.
774 4137 777 4144 '
798 4146 819 4186 a
832 4147 953 4195 hympnum
966 4147 987 4185 a.
1064 4143 1083 4196 1)
1096 4159 1114 4185 0.
1129 4148 1174 4185 ros.
1189 4148 1230 4184 aa
1245 4145 1273 4184 ar
1289 4145 1378 4185 omisa.

256 4195 279 4246 g)
292 4207 344 4236 vere
359 4199 378 4236 1.
430 4195 455 4247 h)
468 4197 579 4236 redemisti
592 4208 627 4236 me
641 4198 743 4248 [Domine
756 4198 808 4237 add.
822 4197 858 4246 L.]
873 4198 934 4236 Deus
948 4197 1047 4236 veritatis
1059 4209 1124 4236 manu
1135 4209 1153 4237 a.
1168 4199 1188 4236 Χ
1193 4197 1237 4236 VH.
1253 4197 1303 4236 acici.
1318 4199 1337 4236 3.
1352 4198 1378 4235 L.

255 4248 272 4299 l)
286 4249 411 4296 frequenter
424 4250 443 4286 2.
458 4250 477 4288 3.
529 4247 554 4299 k)
567 4260 620 4288 voce
634 4253 651 4288 1.
704 4248 721 4299 i)
734 4251 790 4289 exal.
804 4251 827 4298 83
841 4249 934 4289 feliciter
947 4250 1019 4287 exhal.
1034 4250 1053 4287 B
1062 4251 1083 4292 2:
1098 4248 1225 4289 vissedeis
1239 4251 1259 4288 Β
1272 4251 1292 4287 1.
1307 4250 1326 4286 2.

257 4350 282 4414 1)
300 4352 373 4405 Aac.
391 4369 462 4405 acer.
480 4354 572 4418 Foru,
593 4353 641 4407 SS.
662 4354 745 4405 XIII
748 4393 755 4418 ,
774 4369 802 4418 p.
819 4353 875 4407 165.
896 4353 957 4419 179,
975 4354 1065 4406 minas
1082 4359 1150 4407 recte
1168 4356 1191 4406 2.
1208 4355 1278 4407 Noa.
1301 4352 1379 4405 Febr.

257 4419 349 4482 (Febr.
363 4420 389 4486 4)
408 4421 539 4476 indicant.
