3154 5016
1153 165 1167 196 s

278 353 312 407 66
535 348 620 404 VITA
640 347 815 404 ANSKARII
833 347 936 403 AUCT.
954 347 1148 403 RIMBERTO.

278 504 360 567 tium
378 523 551 585 numquam
571 523 665 566 orare
684 503 826 566 cessavit.
865 501 948 578 Quin
961 503 1078 584 potius,
1098 522 1169 566 cum
1189 500 1320 566 assidua
1338 500 1406 566 fere

278 595 466 672 pyratarum
489 589 706 669 infestatione,
729 590 784 670 qui
803 609 842 652 ex
860 588 1008 669 gentibus
1026 588 1091 651 iam
1111 587 1205 651 dictis
1224 587 1404 667 veniebant,

278 673 468 758 parroechia
490 675 577 738 illius
595 675 628 738 iu
647 674 784 738 circuitu
801 679 984 738 vastaretur
1001 694 1040 737 ac
1057 673 1182 738 familia
1202 672 1404 755 diriperetur,

279 760 334 825 ille
365 764 473 824 tamen
504 781 563 842 pro
594 759 839 824 adversantibus
872 765 904 823 et
933 759 1161 823 insidiantibus
1193 759 1255 822 sibi
1287 759 1406 840 iugiter

279 845 438 910 exorabat
465 851 497 909 et
522 867 580 928 pro
608 845 833 910 conversionel
861 866 970 908 eorum
994 845 1049 927 qui
1073 843 1135 908 sibi
1159 844 1406 908 malefaciebant

279 931 365 1014 apud
387 931 448 995 Dei
469 931 725 996 misericordiam
748 932 816 994 sine
838 931 1017 995 cessatione
1040 930 1192 1012 rogabat,
1216 935 1340 1013 petens,
1363 952 1405 994 ne

279 1023 476 1081 statueretur
497 1017 561 1081 illis
584 1019 618 1082 in
640 1022 816 1100 peccatum,
840 1015 927 1098 quod
949 1017 1133 1097 ignorantes
1154 1015 1215 1079 Dei
1236 1017 1404 1095 iustitiam,

279 1125 388 1168 errore
416 1103 575 1167 diabolico
602 1103 740 1186 decepti,
766 1102 1014 1166 christianorum
1038 1102 1134 1166 rebus
1158 1107 1264 1166 essent
1285 1101 1403 1165 infesti.

279 1188 378 1253 Cuius
401 1189 628 1254 sollicitudinis
650 1209 748 1253 causa
769 1189 803 1251 in
830 1193 956 1252 tantum
986 1187 1143 1268 fervebat,
1174 1193 1223 1267 ut,
1253 1189 1348 1251 etiam
1371 1189 1405 1250 in

277 1273 465 1339 infirmitate
487 1277 612 1358 positus
631 1275 815 1354 novissima,
838 1274 901 1336 iam
922 1272 1028 1338 diotae
1046 1295 1124 1337 suae
1141 1273 1311 1354 legationis
1330 1293 1405 1336 cau-

279 1382 347 1425 sam
366 1382 540 1444 numquam
561 1368 657 1425 antea
676 1365 818 1424 tractare
837 1365 868 1423 et
885 1358 1053 1442 disponere
1068 1360 1219 1439 omiserit,
1239 1379 1405 1441 quousque

278 1448 427 1510 ultimum
450 1446 590 1510 exalavit
612 1446 759 1529 spiritum
781 1445 875 1509 vitae.
913 1443 951 1508 In
973 1465 1036 1526 quo
1059 1444 1222 1526 religionis
1246 1443 1362 1507 ardore
1384 1465 1405 1507 a

279 1533 409 1596 seculol
433 1537 610 1616 susceptus
634 1530 803 1611 credimus,
827 1529 921 1612 quod,
945 1531 1086 1594 maxima
1104 1551 1211 1595 secum
1231 1531 1405 1594 comitante

277 1617 418 1681 fidelium
436 1618 650 1698 multitudiue,
675 1637 755 1700 quos
774 1638 814 1680 ex
830 1622 924 1698 gente
942 1615 1106 1680 Danorum
1126 1621 1223 1698 atque
1242 1614 1404 1679 Sueonum

279 1703 417 1768 Domino
440 1704 584 1768 lucratus
606 1703 726 1783 fuerat,
754 1703 902 1767 meritum
926 1701 1003 1766 boni
1028 1702 1212 1766 certaminis
1240 1701 1326 1765 illius
1357 1700 1404 1764 di-

277 1790 353 1853 vina
380 1794 604 1853 remunerante
634 1789 817 1868 clementia,
846 1789 879 1850 in
908 1788 960 1851 die
987 1787 1234 1851 resurrectionis
1261 1787 1401 1850 omnium

278 1875 417 1957 gloriose
441 1881 473 1939 et
495 1874 632 1939 feliciter
653 1895 753 1956 regna
774 1873 958 1956 penetrabit
979 1873 1150 1938 caelorum.

364 1963 434 2028 35.ο
475 1959 572 2042 Sane,
600 1961 677 2043 quia
699 1958 739 2023 de
764 1980 862 2023 causa
882 1959 1052 2041 legationis
1080 1961 1148 2022 eius
1175 1965 1207 2023 et
1234 1979 1404 2041 curaque

279 2047 360 2111 alios
388 2046 513 2112 salvare
540 2045 692 2128 cupiebat
717 2044 820 2109 multa
846 2045 911 2108 iam
938 2043 1090 2124 diximus,
1118 2044 1223 2126 qualis
1246 2045 1280 2108 in
1302 2049 1404 2108 semet

278 2134 348 2215 ipso
371 2134 405 2196 in
428 2133 600 2197 exercitio‘l
613 2131 734 2212 ‚salutis
756 2131 907 2213 propriae
930 2131 1055 2194 animae
1074 2133 1226 2210 extiterit,
1249 2129 1404 2212 qualiter-

279 2238 340 2301 que
363 2239 479 2300 corpus
503 2238 596 2282 suum
618 2238 676 2300 pro
699 2217 805 2280 divino
829 2217 946 2280 timore
968 2217 1119 2280 continue
1142 2215 1308 2296 afflixerit,
1338 2217 1404 2279 iam

277 2325 363 2368 nunc
390 2310 517 2387 tempus
544 2308 594 2367 est
620 2302 802 2370 enarrandi.
853 2301 964 2378 Qualis
991 2322 1130 2382 namque
1151 2302 1185 2365 in
1207 2302 1402 2365 monasterio

280 2389 365 2472 apud
391 2410 448 2454 vos
475 2391 509 2453 in
534 2390 620 2453 omni
643 2389 830 2472 frugalitate
852 2393 885 2452 et
907 2387 1085 2452 devotionis
1108 2386 1215 2450 studio
1239 2387 1402 2467 effulserit,

280 2495 345 2538 non
368 2495 447 2557 opus
470 2480 519 2539 est
539 2474 633 2539 nobis
656 2495 695 2538 ea
717 2474 823 2539 dicere
849 2493 932 2557 quae
958 2473 1048 2538 vobis
1071 2478 1147 2537 sunt
1177 2473 1296 2556 optime
1318 2493 1403 2538 com-

278 2565 379 2643 perta.
434 2560 567 2641 Tamen,
601 2566 638 2624 ut
669 2560 817 2625 auditum
847 2559 1019 2638 habemus,
1053 2559 1121 2641 ipse
1153 2558 1337 2623 adolescens
1370 2563 1404 2622 et

278 2647 401 2711 iuvenis
428 2646 560 2711 senibus
587 2651 620 2711 et
644 2645 813 2729 grandevis
839 2644 1006 2711 mirandus
1026 2644 1198 2708 videbatur
1221 2650 1252 2709 et
1273 2645 1401 2708 imitan-

279 2731 348 2797 dus.
397 2731 467 2796 Iam
493 2753 568 2797 vero
596 2738 742 2816 sumpto⁹
768 2731 855 2814 apud
877 2752 935 2795 nos
959 2730 1161 2814 episcopatu,
1189 2730 1251 2795 hoc
1274 2730 1403 2794 omnino

279 2818 366 2901 quod
387 2818 421 2882 in
443 2819 639 2883 monasterio
661 2819 869 2883 inchoaverat
890 2816 993 2881 modis
1015 2815 1163 2880 omnibus
1184 2821 1402 2898 augmentare,

280 2904 336 2968 sed
359 2911 392 2969 et
414 2905 556 2969 omnium
577 2905 693 2969 vitamf
716 2910 901 2969 sanctorum
922 2904 1044 2966 imitari
1066 2901 1200 2982 studuit,
1230 2902 1402 2984 specialius

278 2995 387 3054 tamen
412 2990 500 3055 beati
522 2990 663 3055 Martini.
716 2989 850 3055 Ciliciog
872 3009 1010 3072 namque
1037 2986 1078 3051 ad
1105 3008 1233 3052 carnem
1260 3008 1324 3051 non
1352 3007 1402 3050 so-

278 3076 346 3140 lum
374 3076 408 3139 in
430 3076 495 3156 die,
526 3077 583 3141 sed
612 3077 709 3141 etiam
738 3077 772 3140 in
798 3080 891 3140 nocte
918 3095 995 3138 usus
1022 3079 1079 3137 est.
1129 3072 1288 3156 Denique,
1319 3074 1404 3137 sicut

278 3163 332 3225 inh
364 3163 432 3225 eius
462 3163 529 3226 vita
559 3162 695 3244 legerat,
729 3182 921 3244 magnopere
951 3159 1079 3243 populis
1109 3158 1242 3223 verbum
1273 3159 1402 3222 Domini

277 3247 496 3330 praedicando
514 3247 669 3330 prodesse
686 3247 846 3313 studebat.
883 3245 1049 3310 Interdum
1063 3251 1180 3324 tamen,
1199 3250 1236 3308 ut
1249 3265 1283 3308 se
1297 3246 1403 3327 ipsum

278 3335 311 3397 in
343 3333 451 3398 divina
482 3340 645 3399 exerceret
673 3333 891 3416 philosophia,
923 3330 1130 3395 solitudinem
1158 3330 1297 3394 amabat.
1352 3329 1403 3393 Ad

181 3471 191 3488 .
279 3419 366 3502 quod
389 3440 469 3502 opus
492 3426 525 3484 et
546 3420 660 3485 cellam
683 3424 793 3501 aptam
813 3418 876 3483 sibi
895 3422 1112 3481 constructam
1131 3415 1282 3496 habebat,
1305 3437 1403 3499 quam

279 3505 466 3588 appellabat
496 3507 639 3590 quietum
668 3505 774 3570 locum
804 3509 837 3568 et
867 3503 1005 3567 amioum
1036 3503 1184 3567 maerori.
1237 3501 1302 3566 Ubi
1330 3523 1402 3567 cum

277 3591 390 3674 paucis
421 3591 620 3673 demoratus,
655 3592 937 3674 quotienscumque
969 3610 989 3653 a
1017 3587 1259 3671 praedicatione
1290 3593 1322 3652 et
1353 3609 1403 3652 ec-

279 3677 468 3742 clesiasticis
496 3676 610 3742 officiis
638 3682 671 3742 et
696 3677 738 3742 ab
764 3675 984 3758 inquietudine
1006 3695 1206 3756 paganorum
1227 3673 1310 3737 liber
1333 3694 1402 3737 esse

278 3767 417 3844 poterat,
440 3763 600 3828 habitavit
622 3784 744 3843 secum3
770 3764 819 3826 ita
840 3767 958 3841 tamen,
981 3766 1018 3824 ut
1039 3781 1215 3842 numquam
1235 3759 1402 3842 proprium

279 3848 482 3912 commodum
505 3855 537 3912 et
559 3849 741 3913 solitudinis
764 3867 907 3912 amorem
926 3847 1032 3930 gregis
1052 3845 1113 3909 sibi
1132 3846 1292 3909 commissi
1310 3864 1402 3928 prae-

278 3939 413 4018 poneret
434 3933 577 3999 utilitati.
622 3935 723 3999 Porro
746 3953 913 4016 quousque
933 3931 1106 3996 iuventutis
1125 3932 1328 4013 aliquatenus
1345 3951 1403 4013 po-

278 4021 357 4084 titus
385 4025 434 4084 est
459 4019 590 4101 robore,
616 4041 771 4103 persaepe
798 4022 842 4084 eti
872 4039 988 4100 panem
1011 4018 1045 4080 in
1065 4016 1207 4100 pondere
1230 4023 1262 4081 et
1284 4037 1403 4099 aquam

278 4107 311 4169 in
339 4126 491 4171 mensura
520 4106 676 4171 sumebat.
728 4104 882 4184 Maxime,
912 4102 1067 4186 quamdiu
1095 4102 1268 4167 solitudine
1297 4105 1327 4167 ei
1354 4105 1402 4166 uti

278 4292 301 4344 t)
315 4297 479 4335 conversatione
493 4307 546 4336 cerr.
561 4295 702 4334 conversione
711 4297 730 4333 1.
798 4291 822 4343 b)
835 4295 866 4334 itu
878 4295 898 4332 2.
912 4293 935 4341 33
948 4301 961 4329 a
974 4292 1023 4330 Deo
1036 4291 1060 4330 in
1073 4293 1115 4330 loco
1128 4303 1177 4331 raso
1191 4295 1209 4332 1.
1270 4289 1291 4342 c)
1303 4303 1341 4340 per
1354 4292 1371 4330 u
1383 4291 1403 4330 B

279 4345 306 4396 (c.
320 4344 364 4396 ³1);
378 4345 422 4398 (81)
435 4346 490 4398 22³3
504 4349 537 4387 80.
553 4345 644 4386 &ealda
718 4342 740 4396 d)
753 4345 905 4385 exercitatione
919 4344 938 4380 2.
953 4344 972 4382 3.
1049 4340 1070 4392 e)
1083 4354 1095 4381 o
1109 4353 1119 4382 c
1132 4355 1186 4383 cerr.
1200 4347 1219 4382 1.
1293 4341 1311 4394 f)
1325 4304 1371 4382 vltn
1384 4345 1403 4394 2,

278 4408 342 4437 manu
355 4409 372 4438 s.
387 4400 408 4438 Χ
411 4399 455 4438 VH.
469 4409 522 4438 cm.
536 4398 596 4438 vitas
608 4399 628 4438 3.
680 4395 704 4450 g)
717 4396 798 4444 (lylfflo
811 4399 832 4437 3.
883 4393 908 4445 h)
920 4397 967 4444 post
979 4394 1030 4434 add.
1045 4396 1064 4433 1.
1116 4394 1133 4444 i)
1144 4396 1200 4434 deest
1212 4396 1231 4435 2.
