3154 5016
280 366 313 422 78
535 365 621 420 VITA
639 365 815 420 ANSKARII
832 365 934 422 Auen.
952 369 1144 424 RIMBERTO.

280 540 353 583 cum
376 518 461 584 duo*
484 519 630 603 martyrii
654 540 723 584 esse
746 541 862 602 genera
888 523 1043 602 constetl,
1073 543 1172 586 unum
1194 524 1228 588 in
1249 545 1329 607 paee
1350 545 1401 589 ec-

281 606 396 670 clesiae
428 607 603 684 occultum,
635 605 773 670 alterum
804 609 1036 688 persecutionis
1067 610 1203 674 articulo
1234 611 1402 693 ingruente

279 692 497 770 manifestum,
527 697 699 774 utrumque
727 693 891 756 voluntate
918 694 1034 774 tenuit,
1065 695 1106 759 ad
1128 697 1265 759 alterum
1287 696 1402 761 effectu

278 778 430 859 pervenit.
478 778 560 854 Quia
582 779 667 841 enim
689 777 806 842 cotidie
829 799 863 842 se
883 782 959 862 perb
980 781 1140 861 lacrimas,
1163 782 1298 864 vigilias,
1321 783 1401 846 ieiu-

279 863 347 941 nia,
377 865 482 927 carnis
508 862 759 947 macerationem
782 870 814 928 et
836 862 1067 930 desideriorum
1090 868 1267 931 carnalium
1290 870 1402 932 morti-

278 946 461 1013 ficationem
482 950 516 1012 in
539 969 597 1012 ara
620 947 726 1012 cordis
746 949 815 1014 Deo
838 951 1013 1032 mactabat,
1036 953 1225 1034 martyrium
1245 953 1400 1035 profecte,

279 1033 365 1117 quod
380 1035 470 1118 pacis
485 1040 628 1117 tempere
645 1033 750 1122 [non0]
766 1037 901 1118 potuitl,
923 1044 1113 1102 consecutus
1130 1045 1186 1104 est.
1228 1038 1311 1115 Quia
1325 1061 1400 1105 vero

279 1120 320 1184 ad
346 1126 513 1202 apertum⁸
533 1123 677 1204 corporis
704 1123 892 1204 martyrium
915 1125 1116 1205 perseeutorf
1144 1124 1219 1204 sibi,
1246 1146 1310 1188 uon
1332 1127 1402 1189 ani·

278 1226 362 1285 mue,
393 1206 508 1286 defuit,
538 1205 624 1288 quod
652 1228 747 1290 opere
769 1209 874 1270 minus
896 1210 1016 1292 potuit,
1044 1210 1209 1275 voluntate
1231 1210 1401 1294 indeptusg

279 1298 335 1356 est.
388 1293 537 1369 Quamvis
566 1292 628 1356 hoc
654 1314 782 1375 quoque
808 1295 996 1376 martyrium
1025 1316 1120 1378 opere
1147 1317 1218 1359 eum
1248 1296 1401 1361 habuisse

279 1378 407 1442 omnino
436 1398 554 1461 negare
582 1399 791 1460 nequeamuS,
822 1380 849 1442 si
877 1385 985 1445 tantos
1015 1383 1083 1444 eius
1107 1403 1167 1465 pro
1189 1381 1327 1453 Domino
1353 1383 1392 1446 la·

277 1463 372 1528 bores
394 1465 485 1527 iuxta
507 1463 687 1546 apostolum
710 1463 924 1530 attendamus.
979 1465 1016 1529 In
1038 1467 1207 1532 itineribus
1230 1489 1324 1550 saepe
1345 1489 1400 1552 pe·

277 1550 386 1613 riculis
417 1549 597 1629 fluminum,
630 1551 782 1633 periculis
813 1551 988 1632 latronum,
1019 1553 1171 1635 perieulis
1203 1575 1242 1617 ex
1273 1575 1398 1635 genere,

277 1636 430 1716 periculis
453 1636 672 1718 exgentibus,
699 1636 852 1718 periculis
875 1639 908 1701 in
931 1639 1069 1718 civitate,
1096 1640 1246 1721 periculis
1269 1641 1302 1703 in
1325 1640 1400 1704 soli·

277 1721 398 1801 tudine,
420 1721 571 1803 periculis
593 1723 626 1785 in
650 1723 740 1801 mari,
763 1723 914 1805 periculis
937 1725 970 1787 in
993 1723 1083 1788 falsis
1104 1723 1275 1804 fratribus3
1298 1727 1331 1789 in
1353 1726 1400 1789 la-

277 1806 356 1871 bore
378 1813 411 1871 et
433 1807 602 1887 erumnah,
628 1809 662 1871 in
682 1808 798 1890 vigiliis
820 1810 940 1890 multis
963 1811 996 1873 in
1018 1809 1103 1874 fame
1126 1816 1159 1875 et
1180 1811 1241 1890 siti,
1265 1812 1299 1875 in
1320 1813 1400 1875 ieiu-

276 1894 338 1957 niis
367 1893 490 1972 multis,
520 1895 553 1956 in
581 1892 699 1975 frigore
728 1899 758 1958 et
786 1894 964 1959 nuditate.=
994 1895 1127 1960 Praeter
1152 1896 1210 1960 illa
1236 1917 1319 1979 quae
1347 1918 1400 1960 ex-

276 1979 434 2044 trinsecus
462 1981 549 2043 sunt¹
583 1980 738 2043 instantia
761 1981 829 2044 eius
857 1980 1020 2045 cotidiana
1049 1981 1232 2046 sollicitudo
1258 1983 1400 2046 omnium

277 2065 494 2132 eeclesiarum.
550 2063 627 2142 Quis
658 2064 896 2148 infirmabatur,
929 2072 960 2131 et
990 2069 1059 2152 ipse
1089 2088 1153 2132 non
1182 2074 1230 2132 est
1258 2067 1399 2132 infirma-

276 2152 372 2215 tusk?
417 2150 494 2226 Quis
526 2151 820 2231 scandalizabatur,
855 2159 888 2217 et
920 2153 989 2237 ipse
1019 2175 1083 2218 non
1113 2153 1292 2218 urebatur?
1338 2154 1399 2231 Qui

277 2258 352 2320 ergo
381 2242 431 2301 tot
457 2257 495 2301 ac
520 2238 620 2301 tantis
648 2243 696 2301 est
722 2259 780 2320 pro
803 2238 941 2303 Domino
969 2244 1000 2302 et
1027 2240 1170 2323 corporis
1197 2239 1399 2304 adversitati-

275 2323 336 2386 bus
363 2328 396 2386 et
421 2323 519 2386 animi
546 2323 689 2387 aestibus
717 2330 880 2404 excoctuS,
910 2323 1069 2407 quomodo
1091 2331 1214 2408 martyr
1237 2346 1307 2390 esse
1329 2326 1398 2389 iure

276 2409 469 2492 negabitur?
509 2407 593 2472 Nam
616 2409 643 2472 si
666 2408 735 2473 sola
756 2409 822 2474 vita
843 2431 901 2491 per
922 2411 1103 2493 passionem
1123 2412 1297 2475 terminata
1314 2431 1399 2474 mar-

276 2495 360 2575 tyrio
393 2493 614 2575 deputaretur,
651 2515 854 2578 nequaquam
885 2498 1044 2560 00001001ι
1084 2497 1316 2580 euangelistam
1347 2497 1399 2561 Io-

276 2579 415 2644 hannem
444 2581 576 2645 calicem
606 2601 699 2644 suum
726 2580 883 2646 Dominus
909 2581 1085 2646 bibiturum
1116 2603 1185 2646 esse
1212 2588 1397 2663 testaretur,

276 2687 371 2747 quem
404 2665 533 2730 minime
566 2666 666 2730 vitam
696 2667 852 2749 martyrio
883 2665 991 2732 finisse
1022 2668 1148 2735 scimus.
1202 2667 1339 2732 Proinde
1371 2671 1399 2732 si

171 2766 208 2817 *a
218 2766 263 2808 2²⁵.
278 2751 368 2815 illum
386 2751 477 2816 iuxta
494 2751 686 2816 dominicam
708 2750 916 2817 *sententiam
933 2753 1018 2818 inter
1034 2758 1213 2836 martyrum
1230 2775 1398 2818 numerum

277 2837 527 2902 ascribendumm
541 2858 610 2902 esse
627 2858 692 2901 non
710 2838 903 2919 dubitamus,
924 2837 964 2902 de
983 2860 1020 2903 eo
1039 2860 1175 2923 quoque,
1195 2861 1290 2922 quem
1304 2861 1398 2924 prae-

276 2924 435 3003 misimus,
458 2929 570 2988 000010
591 2924 686 3008 plane
713 2929 746 2988 et
766 2925 862 2989 beato
885 2924 1057 2989 admodum
1078 2925 1156 3006 viro,
1179 2927 1307 2990 omnino
1330 2947 1399 2989 anr-

277 3008 385 3092 bigere
407 3030 472 3074 non
493 3009 656 3074 debemus.
701 3009 827 3093 Martyr
850 3012 934 3075 enim
955 3011 1031 3091 fuit,
1059 3011 1136 3094 quia
1157 3012 1248 3075 iuxta
1269 3017 1397 3094 aposto-

141 3109 220 3160 (1016,
232 3113 265 3150 14·
279 3095 346 3158 lum
374 3101 406 3159 et
431 3095 493 3178 ipsi
519 3095 657 3159 mundus
684 3102 716 3160 et
741 3096 796 3160 ille
817 3096 936 3161 mundo
960 3094 1130 3161 crucifixus
1154 3103 1232 3161 erat.
1273 3096 1398 3180 Martyr

276 3179 348 3260 fuit,
371 3181 447 3267 quia
468 3182 552 3244 inter
574 3180 696 3246 diaboli
717 3187 958 3265 temptamenta,
984 3183 1068 3246 inter
1090 3184 1196 3247 earnis
1218 3182 1397 3264 illecebrae,

276 3267 360 3329 inter
397 3271 625 3349 persequentes
662 3287 819 3350 paganos,
857 3269 941 3332 inter
977 3267 1168 3332 obsistentes
1204 3268 1397 3333 christianos

276 3373 401 3433 semper
422 3352 667 3436 imperterritus,
696 3373 821 3435 semper
842 3353 1031 3435 immobilia,
1059 3375 1183 3437 semper
1205 3355 1341 3419 invictus
1363 3355 1398 3418 in

276 3437 395 3502 Christi
419 3437 618 3503 confessione
641 3460 743 3522 usque
766 3438 807 3502 ad
830 3441 952 3504 exitum
973 3441 1058 3504 vitae
1080 3441 1264 3524 permansit.
1309 3438 1397 3503 Mar-

274 3530 327 3606 tyr
348 3523 424 3604 fuit,
454 3525 544 3607 quia,
575 3522 650 3588 dum
671 3531 795 3608 martyr
816 3526 909 3590 testis
932 3525 1073 3606 dicatur,
1102 3527 1171 3608 ipse
1193 3525 1293 3590 divini
1316 3546 1396 3589 sem-

274 3631 332 3693 per
361 3610 451 3675 verbi
483 3616 514 3675 et
545 3609 711 3675 christifici
740 3611 879 3675 nominis
911 3612 1017 3676 etitit
1046 3612 1147 3679 testis.
1201 3611 1271 3688 Qua
1299 3612 1332 3676 in
1361 3633 1396 3675 re

274 3717 367 3761 nemo
389 3697 538 3777 miretur,
568 3717 639 3761 eum
662 3696 788 3762 adhoc
814 3696 902 3779 quod
923 3718 1046 3762 summo
1068 3698 1137 3780 ipse
1159 3697 1318 3762 desiderio
1342 3719 1397 3780 op-

274 3782 369 3847 tabat
397 3788 428 3847 et
461 3781 523 3846 sibi
548 3783 776 3865 repromissum
806 3782 946 3866 putabat
975 3784 1164 3867 martyrium
1192 3804 1256 3847 non
1277 3784 1396 3868 pertin-

274 3867 395 3948 xissess,
427 3868 505 3950 quia
534 3889 593 3933 nec
622 3868 684 3932 hoc
715 3868 777 3933 sibi
806 3867 987 3952 pollicitum
1016 3869 1109 3932 iuxta
1136 3869 1231 3934 huius
1259 3869 1396 3933 nominis

275 3953 573 4035 interpretationem
593 3953 759 4037 probatur.
811 3953 853 4019 Et
876 3959 962 4020 certe
984 3960 1113 4038 peterat
1133 3956 1168 4020 in
1190 3960 1301 4038 aperto
1326 3975 1396 4019 cor·

274 4091 375 4144 0)Μο01,
390 4091 528 4138 drogone.
544 4092 709 4131 0000100111.
779 4090 802 4143 b)
816 4091 895 4132 cotidie
908 4093 1027 4141 00010001.
1040 4093 1060 4132 11.
1124 4091 1145 4144 0)
1158 4093 1213 4133 decet
1227 4096 1245 4132 1.
1310 4092 1333 4141 (1)
1345 4095 1396 4131 voto

274 4155 368 4185 manua.
383 4143 551 4192 1117110113,
569 4145 588 4182 et
604 4145 635 4182 110
651 4143 676 4181 L.
760 4142 782 4195 0)
799 4143 827 4183 ad
840 4144 966 4193 adapertum
979 4146 999 4184 1.
1077 4141 1258 4194 0001000010ήο
1271 4155 1290 4184 0.
1303 4155 1338 4183 an.
1353 4153 1396 4182 non

274 4196 372 4235 (1010111,
382 4196 394 4234 3
403 4194 450 4245 (ubi
458 4195 509 4244 glad
515 4205 580 4234 mana
591 4205 609 4233 0.
618 4195 638 4232 X
642 4193 687 4234 VII.
697 4205 800 4244 ruperam.
806 4199 854 4245 port
862 4200 980 4245 persecuta
989 4205 1047 4244 pers.
1055 4195 1123 4243 gum
1131 4195 1174 4247 L.).
1227 4197 1249 4245 g)
1258 4199 1359 4244 aceeptus
1373 4196 1396 4238 23

274 4247 400 4296 01001003.
436 4245 460 4297 h)
469 4243 607 4297 berumodus
616 4247 635 4284 2.
646 4246 665 4284 11.
701 4244 718 4296 1)
731 4249 794 4286 erant
803 4249 824 4286 1.
833 4247 852 4287 11.
890 4245 914 4297 k)
923 4257 966 4285 nou
976 4247 1018 4286 1011
1026 4246 1146 4297 (submoue
1154 4247 1252 4288 arm
1260 4257 1314 4286 corr.
1324 4245 1366 4284 fult
1374 4243 1396 4294 3)

274 4299 375 4338 infirmus
387 4300 408 4339 2.
420 4300 440 4340 8.
492 4297 510 4350 1)
523 4297 608 4338 0101101.
622 4298 642 4336 2.
694 4295 726 4348 m)
739 4297 809 4337 adeor.
823 4300 843 4338 1.
858 4299 878 4338 3.
928 4297 1128 4348 n)perven1sser.
1142 4301 1161 4339 3.

275 4403 301 4472 1)
321 4403 447 4471 &record
458 4404 499 4456 M.
513 4403 617 4470 Eapoe.
630 4402 660 4455 la
673 4401 799 4472 7psalm.
812 4402 920 4469 poenit,
931 4417 974 4470 pa
987 4402 1013 4466 5,
1028 4403 1123 4470 Mane
1136 4402 1279 4468 LXXIX,
1295 4416 1323 4468 p.
1336 4401 1395 4454 622.
