3154 5016
252 393 286 446 98
673 387 759 444 VITA
777 388 962 442 RlMBERTI.

252 563 377 620 surum,
415 548 447 606 et
479 541 565 623 quod
599 561 653 606 eos
683 541 801 624 quibus
830 541 912 606 haec
940 541 1134 623 loquebatur
1163 544 1196 604 in
1225 541 1288 606 hac
1316 542 1385 606 vita

251 630 338 692 iam⁸
356 628 443 691 ultra
465 648 530 691 non
557 631 642 691 esset
658 627 795 691 visurus.
834 625 1038 706 ‘Quaedam',
1062 626 1184 709 inquid,
1209 626 1318 691 ‘huius
1335 628 1384 692 rei

252 713 424 797 praesagia
440 711 519 777 mihi
536 717 706 792 venerunt,
734 732 818 795 quae
840 711 935 776 mihib
953 733 1019 776 non
1037 712 1114 777 licet
1134 711 1206 776 aliis
1228 712 1383 793 indicare,

251 799 407 864 visionem
430 803 538 862 tamen
561 809 623 862 ac⁰
645 803 739 862 nocte
762 797 842 861 mihi
865 803 1026 862 ostensam
1048 797 1140 861 vobis
1160 794 1288 877 refero,
1319 819 1384 880 qua

253 883 489 948 evidentissime
525 883 692 948 decessum
720 904 826 947 meum
850 880 1103 964 praefiguratum
1127 903 1196 947 esse
1227 883 1382 965 intelligo.

252 969 433 1034 Videbatur
453 970 537 1034 enim
551 969 640 1047 mihi,
661 968 748 1052 quod
762 969 795 1032 in
810 969 927 1033 eclesia
941 967 1082 1050 quadam
1094 989 1189 1032 muro
1198 967 1383 1034 firmissimo

252 1076 310 1137 per
339 1053 479 1118 medium
505 1057 683 1138 intersepta
706 1074 765 1137 ego
789 1075 829 1118 ex
851 1074 916 1117 una
938 1059 1031 1136 parte
1053 1055 1137 1118 muri
1166 1053 1313 1134 fuissem,
1344 1076 1384 1119 ex

253 1140 358 1204 altera
386 1160 461 1204 vero
490 1145 656 1204 teneretur
685 1138 835 1204 dominus
857 1144 890 1204 et
911 1139 1062 1203 decessor
1084 1160 1174 1204 meus
1197 1139 1382 1222 Ansgarius

253 1225 476 1308 Conspexique
505 1225 772 1290 innumerabilem
799 1224 951 1290 turbamd
971 1226 1140 1308 utriusque
1164 1246 1259 1289 sexus
1294 1246 1383 1290 more

252 1313 476 1394 quaerentium
499 1311 623 1393 aliquid
645 1311 707 1375 hac
729 1310 869 1392 illacque
891 1311 1044 1387 converti,
1066 1331 1125 1376 nec
1147 1311 1320 1394 quicquam
1343 1331 1382 1374 ex

253 1417 291 1460 eo
314 1396 400 1478 quod
423 1396 624 1478 quaerebant
645 1396 790 1479 potuisse
812 1397 957 1460 inveniri.
996 1395 1119 1473 Quibus
1142 1396 1279 1460 domnus
1303 1397 1383 1459 Ans-

252 1483 376 1564 garius:
409 1481 557 1559 “Quid'',
589 1481 716 1564 inquid,
750 1483 979 1563 “quaeritis'‘?
1030 1481 1073 1545 At
1106 1481 1154 1546 illi
1186 1503 1220 1545 se
1252 1482 1384 1547 anulum

252 1588 360 1630 meum
378 1567 543 1649 quaesisse
562 1565 804 1649 respondentes,
823 1566 997 1632 audierunt
1016 1588 1143 1631 rursum
1163 1567 1205 1631 ab
1220 1568 1383 1650 episcope,

252 1659 289 1716 ut
308 1659 488 1717 cessassent
506 1674 579 1717 eum
597 1673 762 1734 quaerere,
782 1654 950 1735 quoniam⁰
974 1655 1044 1735 ipse
1062 1673 1171 1717 secum
1190 1659 1275 1717 esset
1292 1652 1382 1717 illum

252 1737 425 1802 habiturus
433 1739 449 1800 ’.
474 1737 564 1802 Haec
573 1737 650 1801 dum
659 1737 864 1820 quibusdam,
879 1744 916 1803 ut
925 1738 1073 1817 diximus,
1087 1744 1237 1802 narraret
1246 1737 1383 1801 domnus

252 1822 451 1902 Rimbertus,
482 1843 521 1888 ex
543 1823 606 1887 hoc
628 1824 802 1906 multisque
831 1824 904 1888 aliis
931 1824 1054 1888 inditiis
1081 1825 1222 1888 asseruit
1249 1843 1284 1887 se
1314 1843 1383 1886 esse

254 1906 479 1988 certificatum,
509 1908 597 1990 quod
627 1908 737 1973 eodem
767 1929 851 1973 anno
882 1909 1005 1974 dehac
1031 1909 1099 1972 vita
1121 1908 1205 1972 foret
1227 1909 1381 1973 exiturus.

253 1993 295 2058 Et
325 2001 362 2057 ut
393 1995 549 2058 memoria
584 1995 652 2058 eius
688 1994 888 2058 audientium
919 1995 1035 2058 animis
1074 2015 1131 2077 per
1165 1994 1265 2058 verba
1301 2014 1384 2076 quae

252 2077 405 2143 recedens
429 2079 550 2144 diceret
572 2081 675 2145 artius
698 2080 948 2163 imprimeretur,
971 2080 1033 2144 hoc
1051 2079 1136 2162 quod
1160 2080 1257 2144 etiam
1276 2078 1317 2143 ab
1337 2079 1384 2142 eis

253 2166 356 2229 amari
378 2169 521 2245 noverat,
552 2164 787 2230 admonitiones
810 2167 856 2229 eis
879 2167 1040 2230 salutares
1062 2164 1149 2242 fecit,
1176 2185 1240 2229 non
1262 2163 1384 2228 medio-

254 2252 351 2314 criter
381 2250 487 2315 verbis
518 2251 586 2314 eius
618 2251 652 2314 in
682 2252 823 2332 gratiam
855 2249 1106 2315 aedificationisf
1137 2249 1382 2333 profluentibus.

253 2335 331 2400 Post
352 2335 433 2400 haec
455 2335 636 2401 valedicens
659 2335 737 2414 iliis,
768 2335 918 2401 discessit
940 2337 980 2401 ab
1004 2337 1063 2413 eis,
1091 2357 1150 2400 nec
1172 2335 1323 2414 ulteriuS,
1347 2339 1384 2397 ut
1472 2385 1478 2397 .

252 2421 321 2503 ipse
342 2421 514 2502 praedixit,
539 2443 611 2486 eum
634 2421 790 2486 viderunt.
833 2421 979 2498 Qualiter
1001 2427 1109 2486 autem
1132 2421 1291 2485 somnium
1313 2419 1384 2498 hoc,

253 2506 341 2588 quod
369 2505 465 2570 modo
494 2507 701 2589 protulimus,
731 2507 870 2571 evidenti
899 2506 1015 2572 effectu
1041 2509 1073 2570 in
1101 2507 1192 2571 obitu
1220 2527 1258 2570 ac
1286 2505 1384 2589 depo·

253 2593 369 2656 sitione
392 2593 470 2670 eiua,
498 2599 534 2657 ut
555 2593 623 2674 ipse
645 2593 858 2671 intellexerat,
886 2594 1078 2677 completum
1101 2593 1154 2671 sit,
1182 2612 1322 2673 congrue
1344 2611 1382 2654 eo

253 2677 325 2742 loco
349 2676 583 2756 enarrabimus,
606 2698 669 2760 quo
688 2678 1004 2743 commemorandum
1024 2678 1094 2756 erit,
1118 2676 1258 2759 qualiter
1276 2678 1385 2741 anima

253 2763 323 2827 eius
346 2761 387 2825 ad
411 2763 518 2826 caelos
541 2763 709 2828 sublevata
732 2766 784 2841 sit,
810 2769 843 2827 et
864 2763 1024 2846 quomodo
1048 2783 1165 2846 corpus
1188 2763 1257 2826 eius
1280 2761 1384 2845 sepul-

253 2855 347 2912 turae
369 2847 524 2913 traditum
547 2848 714 2913 habeatur.

168 2947 236 2994 eea.
340 2935 390 2999 23.
431 2933 650 2998 Duodecimog
679 2936 779 3016 igitur
808 2933 860 2998 die
888 2939 962 2997 ante
990 2933 1164 2998 transitum
1194 2953 1287 2996 suum
1313 2953 1385 3014 per-

253 3020 382 3083 veniens
410 3018 452 3084 ad
479 3020 649 3084 ecclesiam
671 3020 891 3098 Bremensem,
920 3018 990 3100 ipso
1018 3039 1093 3082 mox
1120 3017 1173 3083 die
1197 3016 1385 3082 infirmitate

254 3111 422 3186 correptus
445 3109 503 3169 est.
552 3103 696 3187 Cumque
716 3126 775 3189 per
798 3125 908 3170 omnes
931 3103 1029 3168 horas
1052 3102 1223 3168 infirmitas
1244 3105 1385 3184 graviter

254 3195 425 3269 cresceret,
456 3191 524 3272 ipse
554 3211 679 3272 semper
707 3189 897 3273 psalmodiis
927 3189 1179 3255 allectionibus
1207 3190 1309 3252 sacris
1337 3189 1385 3252 in-

253 3279 372 3353 tentus,
396 3295 466 3338 sese
489 3275 531 3338 ad
552 3275 698 3340 futurum
717 3275 757 3341 de
775 3275 838 3342 hac
854 3275 921 3340 vita
939 3276 1113 3354 transitum
1131 3275 1269 3338 sollicite
1289 3294 1384 3357 prae·

252 3360 401 3443 parabat.
440 3359 482 3425 Et
500 3381 696 3444 quamquam
712 3361 877 3444 languoris
895 3361 1069 3424 inmanitas
1085 3359 1249 3443 corporeis
1261 3359 1385 3424 viribus

254 3445 415 3510 defectum
441 3447 613 3530 ingereret,
642 3448 750 3512 animo
772 3453 882 3510 tamen
905 3466 1030 3528 semper
1052 3447 1202 3525 invictus,
1231 3446 1385 3528 apostoli·

143 3546 239 3597 *ro-⁷⁷⁵·
254 3552 324 3595 cam
352 3530 602 3614 *praetendebat
623 3531 860 3611 fortitudinem,
884 3530 923 3596 de
946 3553 1011 3614 qua
1033 3531 1122 3596 dicit:
1148 3529 1281 3604 Quaado
1303 3533 1384 3595 caim

65 3634 85 3673 a
96 3633 146 3674 cor.
158 3636 189 3683 12,
202 3637 234 3674 ιο.
253 3617 406 3699 infirmor,
435 3629 507 3681 iane
531 3629 637 3702 potens
663 3641 740 3682 sam.
791 3616 934 3700 Septimo
963 3623 1038 3681 ante
1065 3617 1190 3682 obitum
1216 3616 1269 3680 die
1291 3617 1384 3680 mini-

254 3703 409 3766 steriumh
438 3724 551 3768 sacrae
584 3703 744 3767 unctionis
779 3723 851 3766 cum
883 3702 953 3767 olco
983 3709 1097 3768 sancto
1129 3703 1159 3767 ei
1189 3700 1259 3766 fieri
1292 3722 1386 3784 prae-

253 3788 366 3870 cepit¹.
417 3787 460 3851 Et
481 3810 546 3854 una
569 3809 641 3852 cum
665 3789 886 3853 communione
909 3790 1053 3871 corporis
1076 3794 1109 3852 et
1131 3788 1297 3868 sanguinis
1320 3787 1385 3851 Do-

253 3874 331 3937 mini
360 3894 461 3956 usque
490 3875 523 3938 in
550 3873 636 3937 diem
663 3875 790 3937 animae
818 3874 964 3938 exeuntis
992 3872 1032 3936 de
1059 3893 1193 3954 corpore
1215 3872 1276 3936 hoc
1299 3872 1385 3936 salu-

251 3964 323 4023 tare
350 3958 528 4023 remedium
550 3959 637 4023 omni
660 3958 712 4023 die
732 3960 887 4042 percepit.
940 3958 982 4022 Et
1005 3981 1076 4023 cum
1098 3959 1162 4022 iam
1186 3959 1385 4040 migraturus

253 4052 338 4110 esset
359 4044 398 4109 de
421 4043 550 4124 mundo,
574 4046 758 4109 convocatis
779 4044 969 4126 presbiteris
992 4050 1024 4108 et
1041 4043 1197 4107 universis
1216 4043 1384 4123 fratribus,

253 4129 378 4194 veniam
403 4130 517 4212 petivit
539 4129 579 4194 de
601 4130 750 4194 omnibus
772 4149 994 4212 quaecumque
1016 4129 1165 4193 fortassis
1188 4130 1221 4193 in
1244 4129 1382 4212 aliquem

253 4316 375 4367 1)(1εα12,
391 4320 410 4359 8.
476 4317 499 4368 b)
512 4319 576 4357 modo
589 4319 609 4358 11.
671 4316 874 4367 c)iia1prohac.
937 4315 960 4366 (1)
973 4316 1136 4358 multitudinem
1149 4317 1169 4356 3.
1230 4316 1252 4367 e)
1265 4317 1350 4365 quando
1364 4319 1383 4356 2.

252 4367 431 4470 &diligebabpii
444 4368 490 4460 2⁸)
502 4370 623 4408 Duodecim
636 4371 652 4409 1.
666 4368 743 4408 diebus
757 4371 776 4409 11.
791 4370 832 4408 3⁵.
907 4367 931 4418 h)
947 4369 1069 4408 misterium
1082 4369 1103 4408 8.
1169 4369 1186 4418 i)
1200 4370 1258 4418 capii
1271 4380 1324 4408 corr.
1338 4378 1385 4416 prc-
