3154 5016
272 391 307 444 54
530 384 617 440 VITA
635 382 812 438 ANSKARII
831 382 934 438 lucr.
952 382 1146 438 RIMBERTO.

275 563 382 608 secum
413 560 542 604 manere
571 543 750 621 pateretur,
781 558 821 602 ne
847 535 927 601 fides
956 536 1076 601 Christi
1105 536 1169 600 illis
1195 537 1229 601 in
1257 535 1406 619 partibus

275 634 389 710 coepta
409 647 521 690 eorum
543 625 746 707 neglegentia
765 623 873 706 aliquo
893 623 988 687 modo
1010 623 1179 705 deperiret.
1216 621 1406 686 Praedictus

274 734 349 777 vero
385 711 531 795 pontifex
561 709 798 789 Gauzbertus⁸,
835 709 891 792 qui
922 713 955 772 et
985 707 1138 792 Symonb,
1175 729 1208 772 se
1243 707 1317 771 inde
1353 728 1407 771 ex-

273 799 402 882 pulsum
422 818 535 861 rursus
558 797 665 860 locum
684 793 823 882 [illum0]
843 800 988 876 repetere
1011 815 1075 858 non
1098 814 1212 857 ausum
1231 793 1407 876 respondit,

275 906 334 948 nec
357 883 390 948 id
412 882 505 947 valde
527 881 705 965 proficuum
724 881 794 946 fore
811 901 916 964 posse,
939 882 1036 943 immo
1057 880 1160 962 magis
1178 880 1407 962 periculosum,

275 972 304 1035 si
327 971 432 1034 denuo
455 970 600 1051 priorum
622 968 864 1032 reminiscentes
892 965 1016 1048 aliquid
1041 965 1296 1048 perturbationis
1320 965 1409 1029 circa

275 1078 351 1122 eum
374 1055 565 1134 excitarent;
590 1053 652 1118 sibi
674 1055 776 1136 magis
800 1073 977 1134 congruum
999 1051 1110 1130 videri,
1132 1057 1170 1114 ut
1185 1051 1239 1115 ille
1257 1052 1328 1130 iret,
1352 1052 1408 1132 qui

274 1142 358 1206 hanc
377 1141 570 1222 legationem
588 1141 693 1222 primo
713 1144 901 1220 susceperat
918 1139 1036 1220 quique
1054 1137 1191 1218 benigne
1209 1137 1255 1200 ibi
1276 1136 1408 1201 habitus

275 1229 391 1306 fuerat,
414 1228 483 1308 ipse
504 1246 580 1290 vero
604 1245 676 1289 cum
699 1245 736 1288 eo
756 1231 907 1306 nepotem
930 1244 1023 1287 suum
1045 1223 1198 1300 mitteret,
1222 1223 1277 1304 qui
1299 1222 1355 1302 ibi,
1380 1222 1409 1284 si

275 1313 366 1378 locus
410 1311 598 1376 raedicandi
621 1311 827 1388 inveniretur,
850 1315 1032 1373 remaneret
1054 1315 1086 1373 et
1104 1307 1301 1373 sacerdotali
1320 1306 1408 1390 apud

275 1421 330 1463 eos
352 1334 457 1462 officio
477 1396 672 1478 fungeretur.
708 1395 778 1460 Hoc
796 1396 906 1477 itaque
920 1399 1028 1458 ratum
1042 1395 1126 1458 inter
1140 1415 1174 1458 se
1189 1392 1407 1472 decernentes,

275 1505 384 1550 eoram
420 1483 604 1567 praesentia
640 1481 878 1546 clementissimi
913 1481 999 1561 regis
1037 1483 1193 1544 venerunt
1227 1479 1410 1543 Hludowioi

275 1590 470 1651 causamque
491 1566 715 1632 huiuscemodi
734 1568 763 1630 ei
781 1567 971 1646 retulerunt,
995 1571 1102 1648 atque,
1125 1572 1163 1629 ut
1184 1565 1253 1629 eius
1276 1565 1408 1629 licentia

274 1658 322 1720 ita
340 1653 411 1718 fieri
429 1655 680 1737 permitteretur,
704 1653 892 1716 exorabant.
931 1653 993 1730 Qui
1016 1653 1194 1730 sciscitans
1219 1657 1328 1714 utrum
1346 1651 1409 1733 ipsi

274 1743 308 1807 in
337 1740 399 1805 hac
421 1739 606 1804 voluntate‘¹
636 1738 810 1803 concordes
840 1738 990 1817 fuissent,
1021 1758 1211 1819 responsum
1234 1758 1253 1800 a
1274 1757 1407 1801 venera-

275 1827 334 1892 bili
348 1824 534 1890 Gauzbertc
548 1822 699 1907 pontifice
712 1824 779 1888 tale
793 1825 932 1906 accepit:
953 1823 1007 1887 ‘In
1021 1822 1107 1903 Dei',
1127 1823 1240 1905 inquit,
1261 1822 1408 1886 ‘servitio

275 1933 335 1976 nos
358 1932 484 1993 semper
507 1910 681 1974 concordes
705 1915 737 1974 et
758 1909 877 1973 fuimus
900 1914 932 1973 et
954 1931 1074 1990 sumus,
1098 1913 1131 1972 et
1148 1907 1236 1972 istud
1256 1908 1409 1972 unanimo

277 2018 434 2063 consensu
456 1998 503 2061 ita
525 1995 596 2061 fieri
620 1996 786 2078 cupimus’.
824 1995 939 2078 Itaque
962 1995 1185 2059 serenissimus
1207 2015 1274 2071 rex,
1297 1995 1331 2057 in
1349 1994 1409 2056 Dei

277 2104 377 2148 causa
408 2103 534 2165 semper
564 2081 779 2161 voluntarius,
812 2080 987 2145 secundum
1018 2079 1106 2162 quod
1134 2081 1219 2143 inter
1249 2100 1304 2143 eos
1335 2100 1410 2142 con-

275 2174 409 2234 venerat
434 2168 628 2250 legationem
656 2166 739 2232 hanc
765 2188 824 2249 prc
849 2165 968 2230 Christi
998 2167 1127 2230 nomine
1149 2166 1274 2248 pastori
1296 2170 1408 2229 nostro

277 2255 418 2320 iniunxit
438 2254 695 2336 religiosissimo,
726 2275 804 2317 suae
827 2274 955 2336 quoque
981 2253 1099 2334 partis,
1130 2252 1225 2315 sicuti
1255 2256 1288 2315 et
1316 2255 1410 2333 pater

278 2343 347 2405 eius
379 2340 514 2420 fecerat,
548 2339 589 2402 ad
617 2359 725 2420 regem
756 2338 918 2403 Sueonum
950 2338 1103 2402 mandata
1135 2338 1164 2402 ei
1196 2338 1408 2404 committens.

276 2426 397 2508 Igitur⁶
421 2426 644 2490 devotissimus
671 2430 764 2507 pater
786 2429 897 2489 noster
920 2423 1046 2488 adhoc
1072 2424 1135 2487 iter
1156 2443 1353 2505 praeparare
1376 2443 1410 2486 se

279 2513 394 2595 coepit,
415 2515 456 2590 et,
476 2517 513 2575 ut
532 2512 720 2594 quantotius
739 2509 800 2574 hoc
817 2510 968 2592 expleret,
987 2509 1190 2574 ferventiorif
1213 2508 1411 2572 incitabatur

278 2598 404 2681 spiritu.
450 2595 613 2679 Siquidem
642 2596 761 2660 etheo
789 2595 924 2660 caelitus
952 2595 1015 2660 sibi
1041 2595 1221 2659 iniunctum
1245 2593 1409 2672 credebat,

276 2685 399 2748 visione
430 2682 571 2765 quadam
603 2681 760 2761 imbutus,
793 2703 890 2765 quam
923 2686 997 2746 ante
1027 2680 1242 2763 praeviderat.
1296 2678 1409 2742 Visum

276 2789 416 2852 namque
439 2774 488 2833 est
511 2769 549 2847 ei,
574 2766 661 2850 quod
681 2789 741 2850 pro
760 2768 830 2850 ipsc
853 2767 979 2846 itinere,
1003 2767 1088 2830 sicut
1106 2772 1187 2846 erat,
1209 2765 1303 2829 valde
1327 2771 1412 2828 essct

277 2855 445 2934 sollicitus
470 2859 502 2918 et
523 2853 694 2917 videbatur
713 2855 751 2934 ei,
775 2852 863 2935 quod
885 2853 927 2918 ad
945 2853 1106 2934 quendam
1128 2853 1271 2916 veniret&
1290 2850 1407 2929 locum,

276 2943 309 3005 in
340 2961 403 3024 quo
432 2944 504 3004 erat
531 2945 696 3004 structura
718 2937 939 3003 aedificiorum
963 2959 1081 3020 magna
1103 2943 1135 3002 et
1157 2937 1339 3001 mansiones
1362 2935 1411 2999 di-

278 3046 399 3091 versae.
446 3025 511 3090 Ubi
533 3025 665 3107 quidam
688 3026 717 3088 ei
740 3025 853 3090 obvius
880 3023 1001 3103 factus,
1031 3023 1159 3088 locutus
1189 3027 1239 3087 est
1267 3021 1308 3087 ad
1338 3043 1411 3085 eum

277 3107 399 3176 dicens:
432 3110 495 3174 ‘De
522 3111 638 3175 itinere
665 3110 772 3192 quodh
802 3109 990 3174 sollicitaris
1020 3115 1052 3173 et
1079 3109 1118 3173 de
1144 3107 1195 3171 his
1223 3129 1306 3191 quae
1335 3113 1412 3170 sunt

277 3199 311 3261 in
336 3196 432 3260 corde
456 3200 513 3259 tuo
536 3218 576 3260 ne
599 3196 850 3277 supramodum
874 3196 1084 3275 contristeris,
1108 3194 1185 3277 quia
1207 3193 1260 3258 hic
1278 3192 1410 3275 quidam

280 3287 330 3347 est
350 3280 539 3365 propheta*,
563 3283 673 3365 quite
696 3281 735 3345 de
757 3281 807 3345 his
831 3280 979 3345 omnibus
999 3286 1122 3345 certum
1145 3279 1268 3344 reddet.
1305 3277 1348 3343 Et
1369 3299 1409 3341 ne

279 3367 390 3451 aliqua
412 3368 513 3431 menti
531 3373 607 3431 tuae
630 3388 726 3450 super
749 3369 799 3431 e0¹
830 3366 990 3431 insideat¹1
1015 3366 1186 3445 dubitatio,
1210 3365 1315 3428 dicam
1337 3363 1408 3443 tibi,

337 3491 360 3557 *)
380 3491 542 3554 Arrhecius,
558 3489 711 3558 ceteroquin
720 3504 822 3559 ecquae
830 3489 978 3554 Lambecc't',
993 3488 1041 3556 qai
1049 3488 1129 3541 cerba
1143 3485 1189 3554 qui
1198 3488 1226 3539 te
1236 3514 1270 3522 -
1280 3484 1410 3553 propheta

382 3559 489 3626 omisit,
513 3558 586 3612 boae
610 3565 713 3612 tectam
734 3559 818 3624 pleae
842 3557 978 3610 diuersam
1001 3561 1204 3624 repraesentat:
1235 3553 1343 3623 quidam
1370 3555 1411 3606 est

381 3627 521 3695 propheta.
556 3626 584 3679 Is
608 3641 669 3679 vere
694 3629 818 3694 certeque
843 3624 896 3678 tibi
920 3623 991 3678 dicet
1015 3641 1119 3678 omnem
1144 3639 1313 3692 progressum
1331 3621 1409 3675 huius

382 3696 488 3766 negotii
506 3695 689 3762 rationemque
707 3693 801 3747 reddet
818 3693 1020 3754 sollicitudinis,
1047 3709 1127 3762 quam
1146 3691 1234 3745 animo
1252 3691 1357 3744 volutas
1377 3689 1409 3742 de

379 3764 429 3817 hoc
446 3764 556 3826 itinere;
576 3766 604 3817 et
621 3779 654 3816 ne
669 3761 734 3832 quid
745 3761 921 3816 dubitationis
939 3762 968 3816 in
982 3761 1058 3815 corde
1077 3760 1192 3827 supersit
1205 3759 1266 3821 tibi,
1285 3759 1341 3824 ipse
1359 3773 1409 3826 ego

380 3831 434 3885 tibi
460 3832 560 3896 dicam,
588 3831 698 3884 ubinam
723 3832 760 3884 sit
785 3831 808 3883 is
832 3831 976 3898 propheta,
1004 3829 1036 3884 de
1063 3846 1114 3898 quc
1138 3827 1190 3881 tibi
1215 3827 1290 3893 caepi
1314 3825 1409 3879 dicere.

380 3898 472 3953 Abbas
491 3907 538 3954 etc.
581 3899 682 3954 Οοηινα
694 3899 885 3966 Loaqebela'us
900 3901 1015 3967 paucis:
1035 3897 1144 3966 quidam
1162 3897 1202 3948 est
1219 3895 1357 3962 propheta,
1377 3892 1410 3948 de

381 3985 433 4037 quo
450 3967 503 4022 tibi
522 3968 596 4036 coepi
614 3967 709 4023 dicere.
745 3965 837 4021 Abbas
855 3973 903 4022 etc.
931 3969 1006 4032 Quae
1021 3968 1094 4020 uode
1106 3963 1410 4019 hauseriatArrltcaias

381 4043 406 4092 et
423 4037 622 4106 Loaqcbelcius,
648 4043 757 4104 aterque
783 4037 919 4091 codicibus
943 4037 1101 4099 destitutae,
1126 4034 1247 4087 nondam
1272 4047 1408 4099 assequor,

380 4106 436 4160 cici
442 4104 564 4172 fortasse
575 4105 730 4160 Arrbeat'us
743 4106 825 4158 cerba
838 4105 934 4160 ceteris
948 4104 1079 4158 canonis
1089 4102 1227 4168 Sacecc'cae,
1241 4117 1297 4155 coc
1310 4106 1409 4154 moacto

380 4176 485 4242 lectore,
504 4175 604 4229 Latiae
622 4175 759 4228 monetata
776 4173 806 4227 ic
823 4179 925 4228 tectum
943 4172 1050 4238 recepit.
1086 4173 1123 4225 D.

277 4275 302 4327 a)
316 4275 439 4318 duubertus
454 4279 473 4317 ³.
526 4275 549 4324 b)
563 4275 638 4316 simon
651 4276 671 4314 2.
733 4273 754 4322 c)
768 4275 824 4314 aaut
837 4277 857 4314 1.
903 4273 926 4325 d)
939 4273 1029 4312 solunte
1042 4283 1095 4312 corr.
1110 4273 1222 4312 voluntate
1237 4275 1255 4310 1.
1302 4268 1409 4318 emovunt

279 4341 326 4378 cap.
340 4329 384 4380 (⁵5)
398 4331 439 4370 rac.
454 4328 512 4378 2?³;
526 4327 559 4366 53.
575 4326 666 4366 Gualdo.
714 4324 861 4376 llfruentiorl
874 4327 894 4365 2.
942 4325 965 4373 ε)
979 4324 1092 4364 deveniret
1104 4326 1124 4365 2.
1137 4325 1155 4362 3.
1172 4325 1199 4362 B.
1245 4321 1270 4373 h)
1284 4319 1341 4369 qnod
1354 4332 1408 4360 corr.

279 4378 887 4430 qu01;qu0u‚manus.xv11.em.quemquem
946 4375 962 4423 l)
975 4378 1005 4416 ila
1018 4377 1039 4414 2.
1052 4377 1073 4416 3.
1089 4377 1118 4424 Β;
1133 4386 1159 4416 ec
1173 4380 1193 4415 1.
1251 4373 1276 4424 k)
1288 4371 1409 4412 incident

279 4433 301 4480 (c
317 4433 461 4483 capuceum„
475 4430 575 4470 insedeat
587 4431 607 4468 Β
621 4433 640 4469 1.
