3154 5016
598 371 684 427 VITA
703 371 887 427 RIMBERTI.
1273 374 1307 428 89

178 548 291 594 coram
318 549 394 593 arca
416 527 546 592 Domini
569 524 718 594 saltando
741 526 832 609 regni
854 526 904 589 sui
926 526 1104 609 potentiam
1127 524 1307 608 despiciens

178 615 275 679 dixit:
312 614 437 678 [001001
466 624 493 678 et
519 613 614 677 uilior
633 612 715 696 flam
742 613 814 698 plns
842 635 936 697 quarn
958 611 1068 696 factus
1097 635 1177 690 snm,
1207 621 1234 675 et
1256 633 1308 675 oro
1322 629 1340 666 1·
1351 626 1405 674 Res·
1416 628 1435 676 6,
1443 627 1477 666 22·

178 701 305 764 bomilia
333 701 367 764 in
395 699 491 764 ocutis
517 701 601 764 meis.
652 698 700 762 De
722 717 787 780 quo
809 704 842 762 et
863 697 1029 781 apostolus
1052 703 1228 777 ammonet,
1259 695 1308 759 di-

178 806 269 850 cens:
306 786 433 871 Implete
454 785 607 871 pandione
629 807 740 864 meum,
764 793 798 846 at
819 784 902 848 idem
923 784 1074 868 sapiatis,
1100 783 1228 847 eandem
1250 783 1304 845 ka-
1317 797 1376 838 Phss·
1390 799 1410 846 2,
1423 798 1443 836 2·

177 873 301 936 ritatem
325 872 475 950 babentes,
497 872 669 948 unianimes,
691 870 727 932 id
749 870 762 932 i
785 870 1041 948 consentientes,
1064 869 1145 932 nibil
1163 891 1223 954 per
1240 891 1307 933 aon-

178 959 339 1022 tentionem
373 980 468 1041 neqae
499 979 556 1042 per
586 958 711 1020 inanem
739 894 892 1041 piiniam,
925 965 968 1019 set
996 956 1030 1018 in
1058 955 1232 1018 bumilitate
1260 977 1307 1018 su-

176 1044 315 1128 periores
347 1043 409 1106 sibi
439 1043 568 1106 invicem
600 1041 797 1105 arbitrantes.
853 1040 997 1118 Quorum
1026 1042 1131 1125 price,
1166 1040 1227 1104 hoc
1260 1046 1308 1104 eet

177 1128 356 1212 prophetae
377 1128 609 1206 testimonium,
631 1126 747 1191 beatus
771 1127 818 1190 vir
835 1126 1013 1207 Ansgarius
1033 1128 1080 1190 ita
1098 1127 1131 1190 in
1149 1146 1183 1190 se
1202 1132 1308 1190 custo-

178 1214 248 1278 dire
277 1213 416 1293 solebat,
446 1220 483 1278 ut
511 1213 551 1278 de
580 1222 681 1278 semet
707 1213 777 1296 ipsc
800 1213 887 1276 intus
908 1211 1045 1277 humilia
1067 1213 1221 1290 sentiens,
1250 1212 1308 1276 ho·

179 1320 290 1364 norem
314 1301 456 1365 exterius
477 1320 542 1364 non
563 1300 758 1382 requireret,
788 1299 882 1382 quasi
905 1297 1031 1362 dicens:
1068 1297 1192 1362 Ledam
1215 1308 1242 1362 et
1264 1299 1308 1362 oi-

179 1385 242 1450 tior
249 1386 331 1468 fiam
339 1409 351 1466 ;
371 1407 430 1450 nec
443 1406 573 1450 rursum
586 1406 645 1468 per
657 1385 720 1448 hoc
733 1384 820 1468 quod
835 1383 930 1449 vilem
945 1405 978 1447 se
993 1385 1135 1449 exterius
1148 1384 1306 1466 praebuit,

179 1473 314 1536 interius
337 1473 572 1551 intumesceret,
595 1470 757 1555 implendo
779 1471 887 1552 potius
909 1468 996 1552 quod
1019 1470 1181 1553 sequitur:
1209 1480 1237 1534 et
1256 1493 1309 1534 ero

179 1559 306 1621 tramitis
327 1560 362 1621 in
385 1558 483 1621 acatis
506 1559 591 1636 meis,
613 1555 648 1621 id
670 1563 719 1621 est
740 1556 869 1638 qualem
891 1576 942 1620 me
965 1556 1106 1620 exterius
1129 1554 1308 1639 despiciens

180 1643 329 1724 exhibeo,
359 1644 457 1708 talem
480 1664 531 1707 me
553 1643 690 1708 interius
713 1641 853 1706 attende.
903 1641 974 1719 Qua
996 1641 1165 1725 despectus
1189 1643 1238 1706 sui
1261 1643 1308 1706 in-

162 1731 321 1812 tentione
349 1729 493 1812 implevit
519 1728 616 1792 etiarn
645 1726 731 1810 quod
759 1727 799 1792 de
826 1727 973 1812 apostolo
1001 1729 1242 1812 proposuimus,
1272 1734 1309 1792 ut

180 1816 267 1879 omni
299 1816 504 1880 contentione
536 1821 568 1879 et
596 1814 684 1878 inani
713 1812 818 1897 gloria
846 1834 974 1894 carens,
1004 1834 1062 1897 per
1091 1813 1308 1878 humilitatem

180 1901 242 1966 sibi
275 1899 356 1966 alios
385 1901 568 1983 superiores
598 1899 829 1980 arbitraretur3
862 1899 960 1978 unde,
993 1905 1047 1964 uta
1077 1900 1224 1983 superius
1253 1899 1308 1964 de-

180 1987 370 2069 scriptumb,
392 1986 535 2069 pocioris
557 2007 654 2068 quam
678 1986 746 2069 ipse
769 1991 853 2050 esset
875 1985 993 2066 meriti,
1011 1985 1109 2050 beato
1130 1986 1199 2050 viro
1221 1984 1308 2048 Rim-

181 2072 273 2137 bertc
296 2078 465 2154 tantopere
488 2071 578 2136 dedit
601 2071 829 2137 testimonium.
848 2127 853 2137 .
875 2070 931 2136 Set
952 2092 1138 2154 quanquam
1160 2072 1228 2154 ipse
1248 2070 1308 2135 hu-

181 2158 328 2223 militatis
351 2179 450 2222 causa
471 2157 511 2221 de
534 2178 604 2221 sese
627 2156 707 2221 talia
727 2156 854 2237 dixerit,
876 2162 1023 2222 nostrum
1040 2164 1149 2223 tamen
1166 2162 1306 2238 nonest,

179 2243 379 2327 quemlibet0'
394 2263 505 2307 eorum
528 2242 622 2307 alteri
644 2263 853 2327 praeponere,
877 2248 927 2308 set
945 2242 1099 2328 aequales
1120 2242 1221 2307 fuisse
1244 2265 1308 2308 me·

181 2330 254 2394 ritis
283 2329 427 2408 credere,
456 2349 538 2412 quos
566 2336 598 2393 et
624 2329 720 2394 unius
742 2327 817 2394 fidei
841 2328 969 2394 devotio
992 2335 1025 2394 ot
1047 2328 1191 2394 eiusdem
1213 2327 1306 2394 offiti‘

178 2415 254 2480 licet
272 2414 406 2480 diversis
424 2415 624 2498 temporibus
643 2414 882 2480 administratio
901 2415 1102 2480 commendet
1118 2415 1306 2498 aequaliter.

266 2504 316 2568 ll.
354 2500 556 2583 Quamquam
573 2501 683 2584 igitur,
705 2500 790 2566 sicut
806 2521 891 2566 nunc
909 2501 1058 2581 diximus,
1080 2507 1212 2565 sanctus
1230 2523 1308 2584 pon-

180 2587 262 2651 tifex
282 2608 347 2651 ncn
369 2586 506 2652 libenter
529 2586 615 2667 aliis,
644 2608 704 2671 pro
728 2586 851 2652 offensa
872 2609 982 2653 eorum
1006 2586 1150 2665 vitanda,
1174 2586 1215 2651 de
1237 2608 1308 2651 suc-

179 2673 329 2737 cessuro‘1
349 2673 413 2738 sibi
435 2672 558 2756 aliquid
580 2674 701 2738 referre
724 2673 894 2753 voluisset,
917 2695 957 2738 ne
980 2695 1074 2738 suum
1096 2678 1205 2737 tamen
1226 2693 1307 2756 pene

179 2758 211 2822 in
236 2759 383 2824 omnibus
407 2759 571 2823 conscium
593 2758 655 2824 hac
677 2760 783 2842 gratia
805 2760 839 2823 in
860 2758 923 2824 fine
945 2758 1168 2839 defraudaret,
1198 2757 1307 2823 triduo
1322 2769 1387 2817 eoo.

179 2849 254 2909 ante
281 2845 388 2910 obitus
416 2845 466 2909 sui
491 2843 574 2909 diem
598 2846 726 2928 aperuit
748 2850 907 2909 secretum
930 2867 1023 2910 suum
1045 2845 1113 2909 viro
1138 2844 1198 2910 Dei
1220 2844 1308 2908 Rim-

178 2929 286 3009 berto,
318 2930 404 3014 quod
432 2936 507 3014 post
529 2951 563 2994 se
586 2930 719 2996 deberet
741 2930 782 2995 ad
803 2929 1012 3015 pontificatus
1035 2930 1160 3014 apicem
1181 2951 1308 3013 promo-

177 3016 254 3082 veri.
299 3015 379 3081 Tum
402 3016 456 3080 ille
478 3017 574 3082 reniti
597 3017 712 3099 coepit,
736 3016 779 3080 ad
801 3022 928 3081 tantum
948 3017 1161 3081 ministerium
1183 3037 1241 3080 nec
1263 3016 1308 3081 vi-

177 3101 268 3166 ribus
287 3123 345 3167 nec
367 3103 509 3167 *meritis
528 3123 561 3166 se
579 3102 731 3166 idoneum
749 3123 819 3167 esse
838 3102 1053 3186 proclamans.
1096 3101 1156 3167 Cui
1174 3108 1306 3167 sanctus
1320 3114 1410 3165 *rr-⁷⁷⁰-

179 3187 347 3270 episcopus
376 3189 437 3252 Dei
471 3187 716 3272 dispositionem
746 3210 815 3253 esse
845 3208 1100 3253 commemorans
1129 3188 1216 3271 quod
1246 3189 1307 3271 ipsi

79 3283 82 3288 '
178 3273 354 3355 praedixit,
386 3280 602 3358 competentes
634 3274 871 3340 admonitiones
902 3273 1063 3354 adiunxit,
1098 3273 1183 3357 quod
1215 3296 1306 3338 suam

178 3359 375 3424 voluntatem
407 3360 448 3424 ad
481 3358 607 3425 divinae
636 3360 856 3443 dispositionis
884 3359 1035 3425 iuditium
1064 3357 1225 3424 inflectere
1254 3359 1309 3424 de·

179 3443 279 3522 beret,
309 3446 402 3510 iuxta
424 3445 506 3510 illud
528 3445 616 3510 beati
638 3445 780 3512 Thomas
803 3446 942 3511 Domino
966 3446 1117 3510 dicentis:
1153 3446 1309 3509 Dominus

177 3553 260 3593 meus
289 3553 319 3593 es
347 3541 393 3608 tn,
423 3541 451 3594 et
479 3553 533 3616 epo
559 3553 663 3595 seruas
685 3542 766 3612 tuns,
788 3532 853 3614 flat
874 3531 1016 3595 columae
1037 3541 1101 3593 tna.
1157 3529 1204 3592 Ad
1227 3529 1308 3594 haec

178 3614 319 3696 glorioso
351 3614 517 3680 Rimbertc
553 3616 649 3680 reniti
684 3616 734 3680 vel
770 3616 932 3680 conbaire
964 3615 1148 3680 constantia
1181 3614 1308 3694 defecit,

178 3700 351 3783 quoniam⁰
382 3700 567 3782 episcopum
595 3700 748 3764 divinitus
775 3701 858 3765 haec
879 3701 1041 3782 accepisse
1065 3699 1196 3764 sciebat.
1242 3699 1309 3765 Nec

177 3784 245 3848 ulla
275 3785 471 3869 ambiguitas
501 3784 563 3849 fuit
592 3786 678 3850 clero
706 3786 755 3850 vel
780 3786 901 3870 populo
929 3787 1012 3850 inter
1033 3786 1142 3870 plures
1165 3784 1205 3850 de
1228 3786 1308 3851 elec-

177 3870 281 3949 tione;
313 3876 362 3936 set
391 3872 461 3954 ipso
491 3891 566 3934 mcx
594 3870 645 3934 die
672 3871 887 3953 deposicionis
915 3871 1025 3935 domni
1048 3871 1198 3955 Ansgarii
1221 3872 1308 3936 Rim-

177 3954 305 4019 bertum
339 3977 448 4021 omnes
481 3956 684 4022 concorditer
713 3956 886 4039 elegerunt.
942 3956 1022 4021 (lum
1054 3957 1145 4022 ouius
1177 3978 1308 4021 concor-

178 4039 252 4105 diae
280 4047 377 4124 pacto
407 4042 449 4108 ad
478 4043 656 4125 gloriosum
681 4048 758 4107 tunc
780 4043 935 4126 temporis
958 4065 1065 4127 regem
1087 4041 1307 4107 Hludewicum

178 4125 383 4192 adduxerunt
413 4149 486 4192 eum
511 4129 573 4193 viri
599 4127 799 4193 venerabiles
827 4127 1020 4194 Thiadricus
1050 4128 1226 4192 Mindensis
1258 4150 1309 4193 eo·

179 4210 297 4276 clesiae
333 4213 503 4296 episcopus
539 4220 571 4279 ot
605 4214 801 4296 Adalgarius
837 4214 940 4280 abbas
975 4216 1163 4279 monasterii
1199 4213 1308 4280 Novae

176 4365 266 4467 3)]ξὲᾱέ
275 4370 322 4458 ’ta
358 4367 383 4419 b)
396 4372 431 4408 est
444 4367 549 4418 seriptum
562 4369 582 4408 3.
635 4367 656 4419 0)
669 4368 789 4418 quemlibet
802 4372 821 4408 1.
874 4369 897 4421 d)
910 4381 964 4409 corr.
978 4379 1105 4412 successore
1119 4371 1138 4411 1.
1197 4367 1272 4420 0)οιῖο
1286 4375 1306 4422 1;
