3154 5016
624 408 711 465 urs
729 410 914 464 erassem.
1016 392 1021 400 '
1300 415 1334 470 ss

202 566 302 644 vuius,
334 567 369 628 in
394 564 532 630 Domino
559 564 700 631 salutem.
752 564 867 628 Frater
890 563 1087 648 Adaiparius
1112 587 1212 649 nuper
1239 589 1259 628 a
1286 589 1333 630 vo-

201 652 249 714 bis
277 650 415 731 rediens,
446 652 530 715 dimit
558 651 650 731 mibi,
680 652 821 735 praviter
848 672 902 714 vos
922 650 1029 734 ferre,
1058 651 1138 733 quod
1165 652 1334 735 parvitatis

204 759 288 800 meae
319 737 440 800 litteras
471 759 548 800 raro
579 737 768 821 suscipiatis.
825 733 916 808 Quod
946 736 1036 799 modo
1067 736 1145 799 mibi
1172 738 1334 800 emendare

203 823 353 907 cupienti,
382 823 458 906 quid
484 821 617 887 scribere
643 822 782 902 debeam,
814 822 911 886 nicbii
934 823 1168 906 conpruentiusa
1189 824 1332 904 occurrit,

203 931 295 992 quam
324 918 356 971 ut
379 929 431 972 uos
453 908 490 971 de
511 918 629 972 uestrae
650 908 826 971 sanctitatis
848 929 1055 971 commoneam
1075 909 1243 992 proposito.
1296 908 1334 971 Si

204 995 301 1079 iqitur
329 995 373 1056 ad
401 993 656 1057 usblimissimam
682 993 819 1078 pior-iam
844 993 938 1056 *mitis
960 993 1136 1077 peruenire,
1165 995 1251 1057 omni
1271 995 1334 1056 uir-

203 1090 264 1143 tute
287 1080 549 1163 incorruptionem
571 1079 731 1164 corporisb
751 1101 789 1140 ac
811 1079 942 1162 spiritus
963 1077 1099 1142 encoiere
1118 1079 1241 1143 debetis.
1282 1080 1334 1142 In-

202 1165 328 1228 terioris
355 1165 436 1227 enim
459 1163 533 1248 fotu
561 1187 598 1227 ac
624 1164 737 1249 pabulo
762 1165 914 1248 puritatis
940 1164 1175 1228 subministrari
1182 1174 1194 1203 ⁶
1217 1187 1334 1229 necesse

202 1261 245 1314 est
266 1251 359 1314 etiam
382 1250 546 1314 anterioris
568 1251 701 1314 bominis
723 1251 894 1312 castitatem
918 1272 1043 1334 eamque
1065 1251 1180 1336 iupiter
1202 1252 1246 1314 od
1263 1273 1334 1335 ρον-

202 1337 406 1400 seuerantiam
434 1346 600 1421 perpetuae
629 1335 873 1419 incorruptionis
899 1336 1051 1400 animari.
1101 1335 1182 1400 Iliae
1203 1359 1334 1421 namque

202 1433 273 1486 sunt
301 1443 391 1485 uerae
419 1432 509 1570 alphus
536 1422 737 1506 incorruptae
761 1421 900 1504 viraines
924 1419 1055 1499 Christi,
1083 1445 1145 1485 non
1171 1444 1249 1508 quae
1275 1445 1334 1486 me·

203 1518 303 1586 tuunt,
338 1518 381 1570 set
409 1529 449 1591 qu
482 1529 518 1570 us
545 1530 607 1570 non
635 1507 705 1570 libet
725 1506 900 1591 fornicari.
960 1504 1049 1580 Quod
1077 1507 1192 1572 donum
1221 1509 1250 1572 si
1276 1532 1334 1593 per

202 1593 266 1656 Dei
293 1593 431 1679 qratiam
461 1593 592 1677 adeptas
617 1614 670 1656 vos
696 1592 868 1670 senseritis,
897 1603 1011 1677 quanto
1033 1616 1163 1679 mupnae
1185 1595 1271 1672 estis,
1300 1606 1334 1658 ut

202 1679 330 1742 sanctad
360 1689 458 1742 monet
485 1679 663 1762 scriptura:
699 1677 885 1741 ‘Humiliate
912 1699 965 1741 vos
990 1679 1026 1742 in
1049 1679 1201 1758 omnibus,
1231 1690 1258 1744 et
1286 1701 1332 1743 co·
1346 1701 1415 1740 sess.
1429 1703 1449 1753 ο,
1462 1703 1496 1742 so.

202 1787 273 1828 ram
295 1764 363 1828 Deo
384 1764 547 1828 imvenietis
568 1763 731 1848 qratiam’.
777 1762 830 1826 Ea
851 1764 933 1827 enim
956 1763 1026 1827 *oia
1038 1767 1202 1850 pervenire
1219 1765 1332 1830 debetis
1346 1786 1384 1836 rs.
1398 1788 1444 1828 ur.

203 1851 247 1913 ad
273 1848 428 1914 Christum
454 1850 613 1914 dominnm
640 1859 668 1913 et
693 1871 839 1934 sponsam
864 1859 1011 1930 uestrum,
1041 1853 1117 1935 quia
1143 1852 1209 1936 ipse
1231 1853 1333 1916 dicit:

203 1936 333 2000 ‘Discite
354 1958 375 1998 a
398 1957 459 2016 me,
489 1936 565 2020 quia
586 1935 673 1999 rudis
695 1957 763 1998 sum
785 1944 812 1998 et
834 1935 962 1999 bumiiis
984 1936 1098 2002 corde‘.
1151 1937 1332 2000 iterandum
1347 1959 1423 1999 unta.
1434 1962 1465 2010 ιι,
1479 1959 1513 1999 ss.

203 2022 306 2106 itaque
328 2032 381 2100 est,
403 2032 437 2084 ut
459 2021 544 2085 omni
565 2021 707 2084 custodia
728 2043 813 2084 unns
835 2031 971 2085 servetur
990 2044 1010 2084 a
1029 2021 1189 2106 superbiae
1207 2033 1332 2088 tumore.

204 2108 276 2171 Non
311 2108 393 2172 enim
427 2117 498 2171 ante
530 2107 631 2170 oculos
663 2105 727 2170 Dei
759 2128 875 2170 vacuae
908 2107 1102 2170 transvolant
1135 2108 1334 2192 copitationes

203 2204 329 2257 vestrae.
370 2193 459 2256 Intus
480 2215 554 2276 erpo
574 2192 657 2255 videt
675 2191 761 2256 Deus
783 2192 864 2274 quod
885 2201 1012 2256 menam
1034 2193 1146 2270 eleum,
1169 2193 1333 2258 etidcirco

196 2278 285 2363 foris
315 2279 467 2364 permittit
497 2278 682 2347 invalescere
704 2278 785 2362 quod
807 2278 950 2362 deponat.
1006 2277 1105 2341 ‘Hinc
1134 2279 1247 2363 quippe
1276 2302 1334 2364 per

206 2363 280 2428 Osee
304 2374 413 2428 contra
434 2362 600 2427 Israelitas
622 2363 755 2430 dicitnr:
790 2359 954 2448 “Spiritus
967 2363 1196 2448 fornicationis
1217 2365 1253 2428 in
1274 2387 1333 2429 me-
1347 2385 1386 2426 02.
1399 2386 1419 2437 s,
1431 2388 1452 2427 ο.

202 2450 256 2514 dio
278 2473 392 2528 eorum,
414 2460 442 2514 et
461 2449 633 2513 Dominum
655 2471 716 2512 non
734 2448 973 2534 oopnooemrnt”.
1012 2447 1076 2523 Qui
1093 2460 1125 2513 ut
1142 2451 1331 2532 ostenderet’,

201 2536 280 2599 sicud
308 2536 387 2599 dicit
409 2536 513 2600 beatus
538 2533 710 2620 Greqorius
720 2534 742 2615 ¹,
774 2535 868 2619 ‘qnod
890 2557 986 2599 causa
1008 2534 1152 2600 libidinis
1180 2557 1218 2600 en
1240 2536 1332 2620 culpa

200 2633 386 2707 prorumpat
408 2620 562 2700 elationis,
584 2643 656 2684 mon
677 2620 815 2684 subdidit
836 2620 958 2684 dicens:
986 2621 1051 2684 “Et
1071 2621 1265 2706 respondebit
1282 2644 1331 2684 ar·
1344 2645 1375 2687 n.
1389 2645 1409 2686 s.

201 2707 350 2793 repentia
368 2707 470 2772 Israd
492 2707 527 2770 in
543 2706 665 2791 faciem
683 2706 787 2788 eius’';
809 2708 877 2770 acsi
892 2706 1028 2770 diceret:
1054 2705 1112 2770 out
1134 2729 1166 2786 a,
1184 2729 1261 2791 quae
1276 2730 1333 2792 per

202 2793 369 2856 elacionem
399 2793 509 2856 mentis
540 2792 574 2855 in
604 2791 720 2856 occulto
751 2792 857 2871 latuit,
884 2814 944 2876 ρον
972 2793 1079 2856 carnis
1108 2730 1270 2856 hauriam
1298 2793 1332 2856 in

203 2889 311 2964 aperto
340 2877 543 2963 respondebit.
597 2877 734 2943 Proinde
764 2901 820 2964 per
850 2877 1039 2941 humilitatis
1069 2877 1242 2942 custodiam
1271 2901 1333 2942 ser-

202 2964 307 3028 vanda
332 2975 375 3028 est
397 2964 553 3028 munditia
576 2963 738 3028 castitatis.
785 2963 822 3026 Si
844 2963 925 3027 enim
947 2964 1079 3049 spiritus
1100 2963 1154 3027 sub
1177 2963 1244 3028 Deo
1261 2987 1333 3050 ρνο-

201 3051 309 3129 mitur,
333 3072 407 3113 caro
430 3049 539 3114 illicite
561 3071 655 3134 οορον
677 3050 823 3134 spiritum
845 3071 907 3113 non
929 3049 1056 3112 beamur.
1097 3048 1198 3114 Habet
1220 3051 1275 3134 qui
1319 3073 1334 3114 ο

202 3136 333 3220 spiritns
361 3136 555 3199 commissum
584 3135 646 3199 sibi
666 3135 838 3199 dominium
861 3135 982 3215 carnis,
1010 3134 1041 3198 si
1066 3146 1168 3199 tamen
1195 3135 1247 3199 sub
1304 3159 1333 3200 o-

202 3222 287 3284 mino
314 3222 502 3307 recopnoscit
527 3223 603 3285 iura
626 3221 781 3307 lepitimae
803 3222 968 3286 seruitutis.
1019 3221 1106 3285 Nom
1127 3223 1156 3285 si
1178 3233 1334 3287 auctorem

202 3329 292 3370 suum
312 3307 516 3392 superbiendo
529 3308 723 3392 contempnit,
740 3308 809 3372 iure
826 3317 854 3372 et
874 3330 895 3370 a
913 3307 1049 3372 subiecta
1067 3330 1160 3371 carne
1174 3308 1333 3393 praelium

201 3392 354 3477 suscipit’.
391 3392 476 3455 Hinc
502 3403 546 3458 est
567 3393 659 3472 enim,
681 3393 764 3477 quod
785 3393 878 3478 ionpa
902 3394 1088 3457 coutinentia
1106 3403 1227 3477 repente
1244 3392 1334 3456 soloi-

202 3487 263 3558 tur,
293 3478 379 3557 binc,
409 3479 490 3563 quod
534 3478 690 3562 let-umque
711 3488 739 3542 et
752 3500 854 3563 ⁴usque
875 3479 920 3541 ad
940 3479 1059 3542 senium
1081 3478 1251 3563 oirpinitas
1272 3499 1333 3541 ser-

202 3574 277 3626 vata
304 3563 445 3626 vitiatur.
499 3502 584 3636 duta
610 3563 691 3626 enim
718 3563 890 3648 nepiepitur
915 3562 1077 3626 humilitas
1099 3562 1212 3642 cordis,
1235 3573 1334 3626 rectus

193 3649 303 3728 *Iudeu
324 3648 474 3734 οἰοορὶοοῖ8
494 3648 587 3712 etiam
608 3649 816 3733 intepritatem
835 3649 984 3732 corporis.
1020 3648 1063 3711 Et
1080 3648 1261 3732 quandoque
1276 3670 1334 3732 per

202 3743 344 3820 operirem
370 3733 489 3796 mab-um
510 3733 655 3818 reprobos
677 3734 863 3816 annunciat,
894 3755 970 3817 quos
992 3733 1111 3797 dudum
1133 3755 1166 3796 νο
1208 3732 1277 3797 obas
1298 3734 1333 3795 in
1390 3769 1392 3772 ·

202 3820 317 3884 occuito
346 3819 506 3884 tolerabat.
558 3819 644 3882 Nam
666 3819 721 3904 qui
741 3818 798 3883 diu
821 3828 972 3882 seruatum
994 3818 1105 3882 bonum
1176 3818 1243 3882 ,itof
1264 3841 1333 3902 per-

201 3905 299 3985 didit,
333 3916 411 3990 aput
440 3916 531 3970 semet
553 3905 657 3990 ipsum
684 3905 770 3968 intus
798 3904 890 3967 aliud
917 3904 1035 3967 malum
1064 3904 1174 3984 tenuit,
1207 3925 1246 3967 ea
1273 3925 1333 3988 quo

203 3989 294 4053 aliud
322 3992 421 4056 sabito
449 3994 572 4078 erupit,·
600 4013 638 4054 ac
664 4013 722 4076 per
750 3991 804 4054 boc
831 3990 1032 4073 omnipotenti
1052 3988 1120 4053 Deo
1145 3989 1333 4052 etiamtunc

203 4073 324 4138 alienus
345 4078 457 4158 eutitii,
479 4077 604 4163 quondo
626 4099 656 4142 se
678 4077 708 4142 ei
728 4099 785 4160 per
806 4075 993 4139 munditiam
1011 4075 1152 4160 corporis
1172 4075 1333 4137 inhaerere

204 4207 226 4259 s)
242 4212 408 4252 convenientius
421 4213 441 4254 2.
506 4214 531 4266 h)
543 4215 600 4256 diest
613 4217 632 4264 1,
644 4214 681 4252 uit
690 4215 763 4262 podia
776 4215 849 4254 carnis
862 4215 933 4264 aeppt.
999 4211 1333 4262 amministracionem

203 4261 325 4303 ministrari
338 4267 357 4302 1.
408 4263 432 4314 d)
445 4269 540 4307 stent.
593 4265 614 4316 e)
628 4264 750 4315 respicies.
803 4265 944 4317 npouada.
959 4268 978 4303 1.

204 4367 230 4428 1)
257 4367 382 4420 Moralio
402 4367 432 4421 in
451 4369 501 4422 Iob
521 4369 637 4433 XXVI,
661 4383 683 4422 c.
701 4369 745 4431 17,
779 4370 874 4439 Mipue
891 4366 1041 4430 LXXVI,
1063 4381 1092 4432 p.
1107 4364 1167 4421 364.
1208 4368 1256 4421 Eu
1280 4383 1332 4436 quo

203 4434 260 4489 loco
275 4437 415 4504 sequentia
435 4464 465 4473 -
483 4436 616 4504 praelium
634 4434 747 4502 suscipit
760 4444 823 4493 sunt
841 4438 984 4505 descripta.
