3154 5016
265 349 281 402 6
521 345 608 401 VITA
627 345 803 400 ANSKARII
821 346 924 402 Aaou.
942 347 1135 402 RIMBERTO.

265 502 444 584 aequalium
462 510 628 584 suceptum,
650 501 800 564 memoria
818 501 1016 586 leqationam,
1037 524 1058 563 a
1075 503 1144 564 viro
1162 502 1275 586 optimo
1294 500 1394 564 literis

263 587 406 670 prodita,
428 585 585 672 suffultum
592 635 601 665 ,
624 586 659 648 in
680 587 959 670 praestantissimis
982 586 1173 650 Germaniae
1195 587 1395 650 monumentis

265 694 384 756 semper
405 671 586 735 habebitur'.
634 669 716 734 Sane
738 671 848 755 ubique
870 682 979 735 auctor
994 696 1024 736 se
1046 696 1151 736 rerum
1170 695 1246 757 quas
1266 681 1395 734 enarrat

268 757 339 821 bene
362 781 497 842 qnorum
520 757 664 836 ostendit,
695 779 831 820 sermone
853 757 931 820 satis
953 758 1088 843 elepanti
1110 758 1149 820 ab
1171 757 1331 820 Ansleario
1360 757 1393 818 in

265 842 501 927 Nordalbinqia
521 851 549 904 et
568 841 786 905 Scandinavia
805 853 877 904 acta
894 854 1034 924 enarrat,
1056 844 1194 906 animum
1213 844 1278 906 eius
1293 843 1393 926 pium,

266 929 389 1006 iustum,
415 927 601 1012 intrepidum
627 929 746 992 meritis
769 927 915 992 laudibus
934 928 1030 1014 effert,
1053 930 1090 992 de
1108 930 1174 992 eius
1196 927 1300 992 indole
1318 929 1395 990 satis

265 1013 398 1077 candide
420 1015 550 1089 iudicat,
574 1036 728 1099 nusquam
751 1013 897 1077 inanibus
919 1014 1019 1078 uerbis
1040 1015 1191 1100 indulqet,
1213 1013 1308 1076 nimis
1326 1035 1395 1075 roro

258 1100 398 1183 fortasse
424 1099 594 1162 visionibus
621 1099 811 1162 enarrandis
837 1100 1030 1162 immoratur.
1080 1100 1153 1163 Non
1175 1099 1252 1162 satis
1274 1099 1395 1183 quidem

267 1185 414 1268 temporis
442 1186 594 1248 rationem
622 1184 728 1247 habuit
754 1207 848 1268 neque
876 1207 954 1268 quae
980 1184 1010 1248 ei
1035 1195 1108 1248 nota
1128 1185 1263 1269 fuerunt
1289 1185 1396 1246 omnia

262 1271 428 1334 memoriae
492 1270 606 1350 edidit,
634 1271 681 1332 ita
702 1280 736 1332 ut
758 1291 850 1353 neque
873 1269 911 1333 de
933 1292 1015 1333 anno
1038 1281 1065 1334 et
1086 1270 1137 1334 die
1159 1292 1253 1353 neque
1273 1270 1309 1333 de
1332 1268 1396 1333 loco

264 1356 363 1419 obitus
387 1293 543 1420 Anshhrii
566 1356 735 1438 quidquam
757 1355 896 1418 retulerit
907 1355 926 1418 ¹.
973 1353 1117 1419 Attamen
1136 1357 1229 1418 stiam
1249 1355 1395 1418 historiae

264 1441 550 1524 septentrionalium
568 1451 725 1504 terrarum
742 1463 803 1502 non
819 1462 935 1524 parum
953 1441 1031 1504 lucis
1050 1442 1171 1521 attulit,·
1192 1463 1288 1524 quare
1306 1440 1397 1503 Dani

264 1537 292 1590 et
316 1525 407 1589 Sueci
428 1527 462 1588 in
489 1527 547 1588 hac
573 1525 638 1588 vesta
660 1527 779 1589 edenda
805 1535 833 1588 et
858 1525 1053 1589 illustranda
1075 1535 1226 1590 nostrates
1248 1526 1397 1589 aemulati

263 1622 343 1675 sunt.
383 1611 498 1674 Auctor
514 1611 597 1674 vitae
615 1611 772 1674 Rimberti
789 1620 817 1674 et
829 1608 974 1674 Adamas
990 1612 1166 1675 Bremensis
1179 1633 1248 1674 eam
1260 1612 1396 1696 iuscrip-

265 1707 382 1778 serunt,
414 1695 556 1774 Guahlo,
585 1695 701 1760 Veteris
726 1695 871 1761 Corbeiae
895 1698 1074 1777 monachus,
1101 1698 1155 1760 sed
1181 1697 1330 1760 Bremcm
1358 1697 1397 1759 ab

266 1782 435 1846 Adalberto
448 1782 680 1867 archiepiscopo
692 1780 846 1862 vocacu2,
869 1783 955 1845 circa
968 1803 1001 1850 a.
1019 1782 1110 1848 1065.
1125 1783 1284 1845 metricam
1301 1805 1397 1866 para-

262 1868 406 1952 phrasim
436 1867 611 1952 composuit.
665 1866 782 1930 Eodem
811 1877 944 1952 tempore
972 1869 1139 1952 qenuinum
1169 1866 1284 1930 librum
1314 1869 1397 1930 ‘con-

264 1952 348 2016 sulta
377 1975 472 2037 opera
498 1954 546 2016 ita
572 1975 634 2016 esse
660 1951 836 2016 mutilatum
863 1964 890 2016 et
916 1953 1072 2016 interdum
1099 1953 1335 2037 interpolatum,
1364 1963 1398 2015 ut

258 2038 362 2122 facile
384 2038 565 2122 suspiceris,
595 2038 791 2100 auditionem
817 2038 1028 2102 insatiabilem
1050 2038 1216 2101 Adalberti
1242 2039 1398 2122 archiepi-

265 2123 350 2207 scopi
371 2124 565 2201 Bremensis,
587 2125 641 2207 qui
662 2123 718 2187 sub
740 2121 890 2186 Heinrico
908 2122 967 2186 IV.
991 2125 1178 2209 imperatore
1199 2124 1398 2207 patriarcha-

265 2219 330 2271 tum
368 2209 584 2293 septentrionis
622 2208 873 2286 machinabatur,
912 2209 946 2272 in
985 2211 1042 2272 hac
1067 2209 1189 2295 fraude
1219 2211 1398 2288 uersatam’,

264 2294 448 2356 Dahlmann
467 2294 583 2358 statuit.
628 2299 639 2329 ‘
644 2294 759 2357 Reciso
777 2294 884 2373 enim’,
907 2295 964 2374 ait,
989 2298 1079 2374 ‘sunt
1099 2296 1192 2358 etita
1211 2295 1334 2380 quidem
1352 2319 1398 2360 re·

265 2379 341 2458 cisa,
368 2389 401 2440 ut
424 2380 521 2463 plane
547 2379 629 2442 nihil
656 2379 756 2442 deesse
782 2380 941 2458 videatur,
967 2381 1087 2461 omnia,
1117 2403 1193 2464 quae
1219 2380 1257 2443 de
1282 2379 1398 2444 Ebonis

265 2464 494 2548 archiepiscopi
506 2465 669 2528 Remensis
683 2465 802 2528 meritis
815 2475 843 2529 et
861 2465 1025 2550 leqationis
1038 2467 1105 2530 eius
1118 2467 1152 2529 in
1166 2489 1197 2530 se
1219 2466 1399 2530 tentrionem

265 2559 420 2634 susceptae
447 2549 624 2698 privilegiis
651 2551 807 2614 verissime
829 2551 1009 2616 Rimbertus
1035 2575 1073 2615 erc
1095 2574 1146 2615 ore
1201 2551 1326 2614 nslcarii
1348 2573 1398 2613 ea-

265 2645 351 2719 cepta
383 2636 523 2720 scripsit,
576 2647 635 2699 eest
665 2636 784 2700 amissa
815 2636 894 2700 cella
929 2634 1069 2717 Turholt,
1103 2637 1286 2722 disceptatio
1318 2637 1399 2700 inter

266 2720 415 2784 dioeceses
437 2721 634 2785 Bremensem
656 2731 684 2785 et
704 2719 896 2802 Verdensern,
924 2745 987 2785 una
1010 2745 1077 2786 cum
1101 2723 1268 2787 levamento
1290 2723 1400 2785 damni

265 2806 347 2889 quod
376 2806 536 2872 Verdensis
566 2829 635 2871 acce
659 2808 698 2887 it,
726 2807 816 2871 uerbo
845 2809 963 2888 omnia,
994 2831 1072 2893 quae
1092 2809 1234 2892 fideliter
1263 2818 1399 2871 narrata

264 2891 408 2955 ecclesiae
433 2892 595 2956 Bremensi
621 2831 837 2956 ditrimentum
853 2893 965 2977 facere
987 2905 1125 2978 possent,
1155 2904 1263 2957 contra
1286 2893 1400 2956 addita

264 2976 440 3041 dominatui
458 2979 622 3042 Bremensi
639 2977 796 3058 Islandia,
819 3001 912 3061 quam
930 2978 1081 3044 Hibernis
1100 2979 1223 3078 quidem
1243 2977 1400 3040 Ansharii

265 3071 363 3125 aetate
393 3063 458 3126 iam
491 3062 660 3127 innotuisse
691 3086 790 3147 nuper
820 3063 990 3127 didicimus
1020 3087 1036 3128 e
1063 3063 1209 3142 Decuilo,
1240 3072 1274 3125 at
1300 3063 1397 3147 plane

263 3156 334 3209 tunc
360 3147 468 3232 iqnota
491 3144 703 3212 Scandinaois
725 3157 753 3212 et
779 3148 962 3226 Germanis,
984 3171 1077 3232 aeque
1104 3171 1142 3211 ac
1167 3147 1394 3230 Groenlandia,

263 3231 421 3296 Faeroeae
456 3234 578 3297 insulae
613 3234 809 3317 reliquaeque
837 3233 1063 3318 fraudulenter
1097 3233 1270 3297 inculcatae
1302 3255 1398 3296 remo·

263 3317 400 3383 tissimus
429 3317 613 3404 reqiones3'.
663 3319 756 3382 Nunc
778 3342 848 3382 vero
870 3319 946 3398 alii,
973 3320 1076 3403 potius
1099 3342 1119 3382 a
1143 3316 1310 3383 Liemaro4
1342 3329 1398 3382 aut

264 3402 452 3468 Friderico⁵
478 3405 722 3489 archiepiscopis
751 3414 814 3467 tam
843 3404 1017 3488 diplomata
1045 3426 1204 3490 paparum
1233 3427 1328 3488 quam
1354 3405 1396 3467 oi·

265 3497 313 3550 tas
340 3489 496 3552 Anslcarii
523 3498 551 3552 et
576 3489 733 3552 Rimberti
754 3512 817 3553 esse
844 3489 1048 3574 interpolata,
1080 3499 1259 3555 statuerunt.
1311 3488 1397 3554 Certe

263 3571 431 3636 Friderico
460 3575 542 3653 uiuo,
576 3575 631 3658 qui
660 3596 742 3637 anno
773 3576 865 3640 1123.
897 3575 986 3653 obiit,
1018 3576 1052 3638 in
1079 3575 1181 3639 codice
1209 3598 1230 3638 a
1262 3575 1397 3638 Vicelino

263 3658 404 3722 coenobio
425 3658 675 3744 Abdinqhofensi
701 3660 814 3723 donato
846 3662 919 3723 haec
951 3661 1087 3725 vitarum
1110 3659 1223 3745 forma
1249 3659 1395 3745 tepuit-⁶.

264 3739 327 3805 Sed
358 3744 453 3806 codsa
482 3745 584 3828 ipsius
617 3743 751 3809 Vicetini
780 3756 912 3830 tempore
942 3746 1063 3809 uidetur
1091 3768 1152 3810 esse
1181 3747 1341 3830 antiquior
1369 3755 1397 3809 et

264 3880 289 3946 1)
308 3881 353 3935 De
370 3880 505 3936 Rimberti
525 3883 593 3936 libro
612 3881 646 3950 cs.
664 3899 734 3951 quae
752 3883 948 3950 Schamacher‚
973 3881 1157 3938 ‘Bremr'schcs
1174 3884 1333 3939 Jahrbuch'
1351 3885 1395 3949 II,
1431 3947 1434 3951 ,
1503 3931 1508 3937 .

258 3966 289 4016 p.
311 3949 362 4005 446
386 3965 441 4018 sqq.
468 3965 528 4003 cum
553 3951 612 4017 r'pse
636 3952 740 4007 notant
766 3958 824 4007 tum
849 3969 881 4005 ea
905 3953 1126 4008 commentatione
1149 3970 1167 4006 a
1198 3953 1228 4005 1⁷.
1252 3953 1290 4006 D.
1314 3954 1397 4006 Butte

263 4019 367 4085 scripta
390 4018 523 4086 repetiuit.
609 4019 635 4085 2)
668 4019 858 4086 Wattenbach,
884 4021 943 4086 (ἔρ.
969 4021 1016 4088 ΙΙ,
1036 4037 1067 4088 p.
1092 4023 1134 4077 64.
1221 4021 1248 4085 3)
1270 4021 1397 4076 Eandem

262 4087 422 4142 seutentiam
448 4086 571 4155 defendit
588 4088 734 4153 Schrbder,
760 4087 915 4155 ‘Jahrbfi
939 4090 964 4143 d.
983 4090 1184 4144 Landeshunds
1209 4090 1257 4144 der
1274 4090 1396 4156 Hereoq·

266 4156 371 4210 thumer
388 4156 544 4224 centana,
563 4157 696 4223 Holstein,
715 4158 900 4227 Lanenburq’
920 4159 969 4212 XI
976 4159 1004 4224 V,
1020 4175 1049 4225 p.
1066 4161 1118 4214 288
1135 4176 1190 4226 sqq.
1255 4157 1282 4223 4)
1300 4157 1396 4226 Kapp-

262 4240 360 4290 mann,
388 4223 457 4279 ‘Die
484 4226 597 4279 altesten
628 4225 775 4281 Urhunden
802 4228 849 4282 des
875 4228 1070 4282 Erebisthums
1098 4226 1394 4295 Haemum-Breuem

258 4308 287 4372 p.
302 4291 345 4347 78.
422 4293 449 4359 5)
467 4294 558 4349 Dehio
574 4295 618 4362 ΙΙ,
636 4295 710 4349 Anu.
726 4311 754 4362 p.
772 4297 807 4352 38
824 4312 879 4366 sqq.
954 4295 980 4362 6)
1006 4297 1035 4351 V.
1054 4301 1146 4350 notam
1164 4296 1274 4361 8811,
1296 4311 1323 4362 p.
1336 4293 1397 4349 379.
1420 4313 1422 4316 ·

263 4376 435 4428 supremam.
