3154 5016
243 418 278 471 94
662 416 749 470 VITA
768 417 952 472 RIMBERTI.

243 570 434 635 monstravit.
479 568 565 633 Haec
587 593 669 654 erqo,
687 570 791 654 filiae,
817 593 880 635 non
901 572 970 635 ideo
992 571 1102 652 scribo,
1129 573 1210 658 quod
1232 574 1266 637 in
1289 573 1372 636 vobis

243 656 409 739 quicquam
431 654 469 718 de
491 656 642 739 qualitate
662 655 822 740 superbiae
842 658 889 721 vel
909 680 1007 722 canae
1024 658 1146 743 qloriae
1171 660 1373 744 cognoverim,

243 750 286 805 set
313 741 386 824 quia
408 763 460 804 vos
482 751 552 825 opto
573 743 609 805 in
630 741 761 805 illarum
784 743 1033 824 consortionem,
1059 745 1097 808 de
1119 745 1228 828 quibus
1251 745 1373 830 lepitnr,

83 827 388 911 np00.14‚4.quoniam
410 830 566 890 ‘secuntur
588 850 704 913 aqnum
726 850 909 913 quocumque
932 829 1025 892 ierit'.
1080 829 1144 892 Ubi
1165 831 1276 893 multos
1298 831 1373 893 ceci-

243 913 324 975 disse
346 911 443 991 doleo,
465 935 517 976 uos
535 923 620 978 cante
639 912 801 978 ambulare
819 915 959 978 desidero
977 924 1113 1000 optoque,
1136 925 1170 977 ut
1187 917 1273 979 dicat
1290 915 1374 984 vobis

102 1016 195 1067 centn,
208 1017 228 1056 r.
242 998 397 1060 Dominus
418 1008 445 1061 el
467 1020 595 1083 sponsus
620 1009 728 1062 cester:
758 1000 851 1063 ‘Tota
875 1001 1009 1084 pulchra
1035 1023 1079 1080 es,
1109 1003 1213 1064 amica
1235 1024 1318 1081 mea,
1347 1012 1375 1064 et

242 1083 367 1146 macula
389 1105 450 1145 non
472 1084 572 1147 estin
594 1083 645 1151 te’.
695 1085 805 1169 Itaque
827 1086 993 1170 sequimini
1014 1087 1063 1149 bic
1086 1109 1202 1170 aqnum
1224 1087 1259 1149 in
1280 1109 1373 1172 prae-

242 1170 337 1254 ceptis
358 1169 439 1247 suis,
467 1179 502 1231 ut
523 1170 592 1254 ipso
614 1170 791 1234 auuiliante
813 1171 904 1234 illum
926 1173 1012 1256 sequi
1039 1173 1170 1236 ualeatis
1191 1175 1227 1236 in
1248 1182 1373 1236 aeterna

241 1256 322 1330 uita,
345 1255 501 1318 cantando
523 1257 692 1334 canticum,
719 1256 800 1340 qnod
825 1279 913 1321 nemo
931 1267 1031 1342 potest
1056 1257 1158 1322 dicere
1181 1259 1245 1321 nisi
1266 1259 1374 1322 chorus

242 1342 412 1426 oirqineus.
448 1339 535 1404 Haec
549 1341 679 1426 pulchre
696 1341 800 1406 beatus
813 1342 1007 1427 Anqustinus
1024 1344 1162 1428 virqines
1181 1343 1374 1407 admonendo

242 1429 384 1511 euposuit
395 1425 413 1490 ¹.
468 1425 634 1512 ‘Perqite’,
667 1427 794 1512 inquid,
831 1429 948 1491 ‘sancti
971 1429 1033 1492 Dei
1060 1431 1155 1513 pueri
1184 1439 1212 1492 et
1241 1428 1372 1514 puellae

243 1535 345 1576 mares
366 1521 393 1575 et
405 1511 558 1594 feminae,
581 1512 710 1576 caelibes
727 1523 754 1576 et
772 1513 930 1596 innuptae,
951 1515 1071 1598 perqite
1088 1525 1319 1599 perseueranter
1340 1514 1375 1576 in

234 1598 340 1680 finem.
401 1597 544 1661 Laudate
573 1597 744 1663 Dominum
772 1598 909 1678 dulcius,
938 1622 1026 1684 quem
1055 1600 1213 1683 eoqitastis
1240 1600 1373 1664 uberius.

243 1682 374 1747 Sarute
389 1684 526 1767 felitius,
550 1685 601 1746 cui
621 1684 744 1748 semitis
767 1685 943 1752 instantius.
987 1686 1098 1750 Amata
1121 1687 1296 1765 ardentius,
1324 1685 1375 1746 cui

238 1707 372 1853 pliccetis
393 1770 548 1836 attentius.
593 1768 721 1834 Lumbis
743 1771 892 1834 accinctis
913 1781 940 1835 et
963 1772 1098 1835 lucernis
1120 1770 1301 1835 ardentibus
1323 1793 1375 1834 en-

239 1865 359 1939 peetate
380 1854 566 1931 Dominum,
590 1856 715 1938 quando
737 1857 839 1919 ueniat
861 1879 881 1918 a
904 1857 1033 1942 nuptiis.
1092 1857 1150 1921 Vos
1172 1856 1310 1943 afferetis
1332 1857 1375 1918 ad

243 1941 320 2022 aqui
333 1942 462 2026 nuptias
476 1942 630 2008 canticum
642 1964 762 2020 novum,
781 1941 864 2025 quod
876 1943 1042 2006 cantabitis
1060 1942 1094 2006 in
1112 1944 1242 2006 citharis
1256 1943 1374 2021 vestris,

242 2027 346 2108 utique
368 2026 443 2106 tale,
467 2026 557 2110 quale
579 2049 666 2090 nemo
686 2028 800 2111 poterit
821 2027 923 2091 dicere
945 2029 1010 2092 nisi
1030 2050 1091 2093 vos.
1144 2027 1198 2092 Sic
1220 2030 1301 2092 enim
1323 2049 1375 2090 cos

71 2133 100 2173 cs.
112 2131 180 2180 Ame-
197 2130 227 2169 14·
244 2112 325 2174 vidit
342 2114 377 2174 in
397 2112 583 2197 Apocalipei
605 2113 734 2197 quidam
748 2135 828 2198 prae
846 2115 952 2177 ceteris
973 2112 1102 2177 diledus
1124 2136 1216 2199 aquo,
1239 2117 1292 2197 qui
1314 2113 1376 2176 dis·

244 2197 380 2262 cumbere
403 2221 496 2282 super
513 2209 618 2283 pectus
637 2199 703 2262 eins
721 2198 830 2262 solitus
847 2210 923 2262 erat.
960 2199 1031 2284 Ipse
1048 2221 1100 2262 oos
1117 2200 1197 2262 vidit
1215 2198 1376 2262 duodecies

243 2283 388 2348 duodena
417 2284 510 2347 milia
538 2295 716 2347 sanctorum
744 2285 981 2369 cytharedorum
1009 2283 1151 2348 illibatae
1182 2284 1376 2369 cirqinitatis

243 2370 279 2432 in
308 2392 448 2454 corpore,
477 2370 647 2434 inuiolatae
675 2370 817 2434 ueritatis
838 2370 872 2432 in
896 2371 995 2434 corde.
1048 2367 1225 2455 Sequimini
1251 2392 1375 2454 aqnnm,

244 2455 319 2539 quia
347 2466 375 2518 et
404 2454 482 2541 aqni
509 2477 583 2520 caro
612 2457 717 2540 utique
739 2457 848 2540 cirqo!
897 2453 1073 2541 Sequimini
1101 2479 1168 2520 eum
1196 2455 1376 2540 oirqinitate

245 2542 349 2604 cordis
371 2551 398 2604 et
421 2541 541 2622 carnis,
564 2564 749 2626 quocumque
773 2542 863 2604 ierit!
907 2540 993 2615 Quid
1010 2551 1053 2606 est
1074 2543 1175 2605 enim·
1197 2541 1290 2625 sequi,
1312 2540 1377 2603 nisi

65 2650 85 2688 1.
96 2649 155 2689 Pur.
164 2649 184 2696 a,
197 2647 230 2684 21.
245 2627 389 2690 imitari?
436 2627 484 2690 De
506 2635 568 2711 quo‘
586 2627 691 2692 beatus
713 2627 838 2690 Petrus:
864 2627 1067 2706 “tbr2·stns”,
1091 2628 1217 2712 inquid,
1245 2627 1377 2690 “Ibesus

245 2735 355 2797 passm
376 2723 420 2776 est
440 2735 500 2798 pro
521 2713 617 2793 nobis,
640 2713 724 2777 nobis
745 2712 922 2796 relinquens
943 2713 1126 2798 exemplum,
1148 2723 1183 2776 ut
1204 2711 1378 2796 sequamini

244 2797 375 2885 uestiqia
397 2798 498 2863 eius”.

332 2883 424 2949 Hanc
439 2885 607 2966 epistolam
621 2884 695 2950 ideo
709 2884 762 2948 hic
775 2883 952 2966 posuimus,
967 2888 1004 2947 ut
1016 2883 1198 2966 legentibus
1208 2885 1374 2967 appareat,

82 2992 100 3028 1·
111 2990 167 3029 Tim·
178 2989 198 3039 a
212 2989 232 3026 3-
247 2977 413 3051 quantum,
429 2971 512 3035 sicut
526 2970 679 3035 admonet
691 2969 868 3054 apostolus,
888 2968 1029 3033 studium
1043 2969 1195 3034 babuerit
1209 2970 1278 3033 eius
1292 2987 1376 3049 quae

246 3055 420 3120 secundum
442 3057 596 3140 pietatem
619 3061 668 3121 est
689 3055 869 3135 doctrinae,
901 3058 935 3118 et
961 3077 1057 3138 quam
1079 3062 1195 3139 potens
1223 3051 1376 3118 fueritin

245 3142 317 3223 ipsa
339 3141 487 3206 doctrina
509 3142 606 3206 etiam
628 3142 710 3206 alios
733 3140 909 3206 exhortari.

334 3229 382 3291 16.
427 3226 622 3292 Praeterea²
639 3227 811 3310 legationis
830 3247 907 3290 suae
922 3225 1071 3305 offitium,
1090 3225 1177 3308 quod
1191 3223 1235 3290 ad
1246 3222 1376 3308 praedi-

247 3312 386 3376 candum
408 3312 556 3394 gentibus
577 3313 709 3378 verbum
733 3312 795 3376 Dei
815 3312 967 3395 primitus
990 3333 1010 3376 a
1032 3310 1202 3376 decessore
1225 3330 1283 3374 suo
1307 3329 1375 3372 sus-

248 3404 374 3480 ceptum
397 3404 446 3462 est
468 3404 501 3463 et
521 3398 725 3482 postmodum
749 3398 811 3462 sibi
838 3397 1050 3462 successionis
1072 3398 1143 3463 iure
1170 3396 1262 3477 quasi
1284 3395 1375 3459 here-

247 3484 400 3549 ditarium
419 3484 574 3567 provenit,
597 3485 732 3567 impigre
755 3488 909 3548 executus
933 3489 995 3563 est3
1018 3484 1087 3567 ipse
1110 3481 1239 3566 quidem
1255 3499 1314 3564 per
1332 3500 1375 3560 se,

247 3571 379 3653 quocies
399 3571 626 3654 occupationes
646 3570 730 3634 aliae
749 3571 899 3649 sinerent,
923 3569 1026 3633 eidem
1044 3567 1198 3651 legationi
1215 3567 1376 3643 insistens,

247 3676 373 3738 semper
401 3661 508 3719 autem
540 3656 734 3721 constitutos
763 3654 886 3720 habens
913 3655 1126 3738 presbiteros,
1156 3675 1213 3737 per
1241 3673 1322 3735 quos
1345 3656 1377 3716 et

246 3742 379 3806 verbum
402 3740 462 3805 Dei
484 3742 619 3824 gentiles
642 3741 807 3821 audirent,
838 3746 871 3804 et
892 3740 1045 3806 solatium
1068 3740 1185 3822 captivi
1209 3737 1377 3804 christiani

247 3827 418 3906 haberent,
443 3826 484 3890 ad
508 3827 661 3892 ecclesias
683 3828 767 3891 inter
789 3828 877 3908 ipsos
899 3847 1044 3910 paganos
1068 3825 1260 3890 constitutas
1283 3823 1377 3906 longe

248 3913 289 3978 ab
317 3912 453 3977 ecclesia
476 3912 561 3977 sedis
585 3933 678 3994 suae,
708 3912 859 3995 quodque
881 3913 1105 3994 gravissimum
1130 3915 1214 3991 erat,
1243 3909 1377 3974 marinis

248 3998 488 4063 discriminibus
518 3999 694 4066 adeundas.
746 3998 835 4075 Quae
864 3997 1053 4062 discrimina
1081 3998 1150 4081 ipse
1176 3994 1377 4078 frequentius

248 4090 280 4150 et
307 4083 549 4149 habundantius
578 4085 753 4164 sustinens,
782 4104 892 4167 saepe,
922 4090 1088 4168 tamquam
1115 4083 1216 4148 dese
1237 4085 1378 4145 testatur

248 4221 270 4272 s)
284 4233 335 4262 eum
348 4224 371 4262 tt.
382 4223 402 4262 3.

248 4308 274 4373 1)
294 4311 338 4362 De
355 4315 452 4363 sancta
470 4309 565 4376 oirqin.
584 4325 606 4362 e.
619 4308 661 4363 27.
696 4309 743 4362 Ere
785 4323 819 4362 uo
838 4307 977 4376 sequentia
994 4324 1079 4377 usqne
1096 4307 1222 4376 iufinem
1240 4304 1382 4373 epistolae,

245 4379 344 4445 paucis
362 4378 478 4442 omissis,
496 4383 587 4432 sumta
604 4383 675 4430 sunt.
753 4325 783 4441 tl
801 4377 878 4431 Haec
895 4392 930 4431 eu
947 4392 1008 4443 cap.
1027 4379 1067 4431 16.
1086 4377 1224 4444 aeeemue
1242 4381 1273 4429 ut
1288 4373 1378 4442 ipsius

248 4447 425 4510 carlianter,
445 4445 571 4502 Adoneus
589 4447 615 4512 I,
633 4445 675 4500 38.
