<?xml version="1.0" encoding="UTF-8"?>
<!DOCTYPE html PUBLIC "-//W3C//DTD XHTML 1.0 Transitional//EN"
    "http://www.w3.org/TR/xhtml1/DTD/xhtml1-transitional.dtd">
<html xmlns="http://www.w3.org/1999/xhtml" xml:lang="en" lang="en">
 <head>
  <title>
</title>
<meta http-equiv="Content-Type" content="text/html;charset=utf-8" />
  <meta name='ocr-system' content='tesseract 3.04.00' />
  <meta name='ocr-capabilities' content='ocr_page ocr_carea ocr_par ocr_line ocrx_word'/>
</head>
<body>
  <div class='ocr_page' id='page_1' title='image "./vitaanskariiauc00waitgoog_0094.png"; bbox 0 0 3154 5016; ppageno 0'>
   <div class='ocr_carea' id='block_1_1' title="bbox 271 340 980 397">
    <p class='ocr_par' dir='ltr' id='par_1_1' title="bbox 271 340 980 397">
     <span class='ocr_line' id='line_1_1' title="bbox 271 340 980 397; baseline -0.004 0"><span class='ocrx_word' id='word_1_1' title='bbox 271 343 307 397; x_wconf 81' lang='grc'><strong>90</strong></span> <span class='ocrx_word' id='word_1_2' title='bbox 692 342 778 396; x_wconf 79' lang='lat' dir='ltr'><strong>VITA</strong></span> <span class='ocrx_word' id='word_1_3' title='bbox 797 340 980 396; x_wconf 82' lang='lat' dir='ltr'><strong>RIMBFRTI.</strong></span> 
     </span>
    </p>
   </div>
   <div class='ocr_carea' id='block_1_2' title="bbox 247 494 1400 3924">
    <p class='ocr_par' dir='ltr' id='par_1_2' title="bbox 266 494 1400 2811">
     <span class='ocr_line' id='line_1_2' title="bbox 272 494 1400 579; baseline 0 -19"><span class='ocrx_word' id='word_1_4' title='bbox 272 494 437 560; x_wconf 81' lang='lat' dir='ltr'><strong>(lorbeiae.</strong></span> <span class='ocrx_word' id='word_1_5' title='bbox 491 495 730 579; x_wconf 81' lang='lat' dir='ltr'><strong>Suseeptusque</strong></span> <span class='ocrx_word' id='word_1_6' title='bbox 753 495 813 560; x_wconf 64' lang='lat' dir='ltr'><strong>ab*</strong></span> <span class='ocrx_word' id='word_1_7' title='bbox 835 516 872 560; x_wconf 91' lang='lat' dir='ltr'><strong>eo</strong></span> <span class='ocrx_word' id='word_1_8' title='bbox 895 494 1081 575; x_wconf 88' lang='lat' dir='ltr'><strong>honorifice,</strong></span> <span class='ocrx_word' id='word_1_9' title='bbox 1111 517 1183 560; x_wconf 89' lang='lat' dir='ltr'><strong>cum</strong></span> <span class='ocrx_word' id='word_1_10' title='bbox 1204 495 1400 578; x_wconf 89' lang='lat' dir='ltr'><strong>pontificalis</strong></span> 
     </span>
     <span class='ocr_line' id='line_1_3' title="bbox 270 581 1399 665; baseline 0.001 -19"><span class='ocrx_word' id='word_1_11' title='bbox 270 581 379 646; x_wconf 88' lang='lat' dir='ltr'><strong>baculi</strong></span> <span class='ocrx_word' id='word_1_12' title='bbox 409 582 501 646; x_wconf 83' lang='lat' dir='ltr'><strong>iuxta</strong></span> <span class='ocrx_word' id='word_1_13' title='bbox 523 601 645 644; x_wconf 87' lang='lat' dir='ltr'><strong>morem</strong></span> <span class='ocrx_word' id='word_1_14' title='bbox 668 581 944 646; x_wconf 79' lang='lat' dir='ltr'>commendatione</span> <span class='ocrx_word' id='word_1_15' title='bbox 967 582 1170 665; x_wconf 78' lang='lat' dir='ltr'><strong>episcopatus</strong></span> <span class='ocrx_word' id='word_1_16' title='bbox 1194 587 1243 646; x_wconf 89' lang='lat' dir='ltr'><strong>est</strong></span> <span class='ocrx_word' id='word_1_17' title='bbox 1264 583 1399 647; x_wconf 87' lang='lat' dir='ltr'><strong>sortitus</strong></span> 
     </span>
     <span class='ocr_line' id='line_1_4' title="bbox 270 665 1399 750; baseline 0.002 -20"><span class='ocrx_word' id='word_1_18' title='bbox 270 666 456 734; x_wconf 90' lang='lat' dir='ltr'><strong>dominium.</strong></span> <span class='ocrx_word' id='word_1_19' title='bbox 509 666 546 729; x_wconf 95' lang='lat' dir='ltr'><strong>In</strong></span> <span class='ocrx_word' id='word_1_20' title='bbox 576 666 675 730; x_wconf 90' lang='lat' dir='ltr'><strong>cartis</strong></span> <span class='ocrx_word' id='word_1_21' title='bbox 704 672 813 732; x_wconf 85' lang='lat' dir='ltr'><strong>autem</strong></span> <span class='ocrx_word' id='word_1_22' title='bbox 841 665 1093 750; x_wconf 90' lang='lat' dir='ltr'><strong>apostolicorum</strong></span> <span class='ocrx_word' id='word_1_23' title='bbox 1120 667 1285 733; x_wconf 82' lang='lat' dir='ltr'><strong>Romanae</strong></span> <span class='ocrx_word' id='word_1_24' title='bbox 1314 668 1399 733; x_wconf 88' lang='lat' dir='ltr'><strong>sedis</strong></span> 
     </span>
     <span class='ocr_line' id='line_1_5' title="bbox 270 751 1399 837; baseline 0.001 -20"><span class='ocrx_word' id='word_1_25' title='bbox 270 751 472 835; x_wconf 88' lang='lat' dir='ltr'><strong>pontificum,</strong></span> <span class='ocrx_word' id='word_1_26' title='bbox 505 773 525 817; x_wconf 92' lang='lat' dir='ltr'><strong>a</strong></span> <span class='ocrx_word' id='word_1_27' title='bbox 551 752 668 834; x_wconf 91' lang='lat' dir='ltr'><strong>quibus</strong></span> <span class='ocrx_word' id='word_1_28' title='bbox 696 753 897 835; x_wconf 85' lang='lat' dir='ltr'><strong>privilegium</strong></span> <span class='ocrx_word' id='word_1_29' title='bbox 921 751 1194 837; x_wconf 83' lang='lat' dir='ltr'><strong>archiepiscopale</strong></span> <span class='ocrx_word' id='word_1_30' title='bbox 1217 756 1399 819; x_wconf 85' lang='lat' dir='ltr'><strong>sancciturb</strong></span> 
     </span>
     <span class='ocr_line' id='line_1_6' title="bbox 271 838 1399 922; baseline 0.003 -21"><span class='ocrx_word' id='word_1_31' title='bbox 271 838 339 902; x_wconf 88' lang='lat' dir='ltr'><strong>sedi</strong></span> <span class='ocrx_word' id='word_1_32' title='bbox 353 860 451 921; x_wconf 90' lang='lat' dir='ltr'><strong>quam</strong></span> <span class='ocrx_word' id='word_1_33' title='bbox 466 845 544 902; x_wconf 90' lang='lat' dir='ltr'><strong>tunc</strong></span> <span class='ocrx_word' id='word_1_34' title='bbox 563 840 632 921; x_wconf 91' lang='lat' dir='ltr'><strong>ipse</strong></span> <span class='ocrx_word' id='word_1_35' title='bbox 650 839 801 922; x_wconf 86' lang='lat' dir='ltr'><strong>suscepit,</strong></span> <span class='ocrx_word' id='word_1_36' title='bbox 825 839 923 903; x_wconf 86' lang='lat' dir='ltr'><strong>etiam</strong></span> <span class='ocrx_word' id='word_1_37' title='bbox 936 838 999 903; x_wconf 89' lang='lat' dir='ltr'><strong>hoc</strong></span> <span class='ocrx_word' id='word_1_38' title='bbox 1017 839 1200 904; x_wconf 79' lang='lat' dir='ltr'><strong>continetur</strong></span> <span class='ocrx_word' id='word_1_39' title='bbox 1212 839 1231 918; x_wconf 86' lang='lat'><strong>¹,</strong></span> <span class='ocrx_word' id='word_1_40' title='bbox 1256 845 1302 919; x_wconf 88' lang='lat' dir='ltr'><strong>ut,</strong></span> <span class='ocrx_word' id='word_1_41' title='bbox 1322 841 1399 922; x_wconf 91' lang='lat' dir='ltr'><strong>quia</strong></span> 
     </span>
     <span class='ocr_line' id='line_1_7' title="bbox 269 924 1400 1008; baseline 0.003 -21"><span class='ocrx_word' id='word_1_42' title='bbox 269 930 401 1008; x_wconf 89' lang='lat' dir='ltr'><strong>propter</strong></span> <span class='ocrx_word' id='word_1_43' title='bbox 419 925 577 990; x_wconf 85' lang='lat' dir='ltr'><strong>novellam</strong></span> <span class='ocrx_word' id='word_1_44' title='bbox 596 924 739 989; x_wconf 88' lang='lat' dir='ltr'><strong>eiusdem</strong></span> <span class='ocrx_word' id='word_1_45' title='bbox 758 924 843 988; x_wconf 90' lang='lat' dir='ltr'><strong>sedis</strong></span> <span class='ocrx_word' id='word_1_46' title='bbox 861 925 1100 990; x_wconf 80' lang='lat' dir='ltr'><strong>institucionem</strong></span> <span class='ocrx_word' id='word_1_47' title='bbox 1121 931 1153 990; x_wconf 87' lang='lat' dir='ltr'><strong>et</strong></span> <span class='ocrx_word' id='word_1_48' title='bbox 1170 925 1307 990; x_wconf 90' lang='lat' dir='ltr'><strong>necdum</strong></span> <span class='ocrx_word' id='word_1_49' title='bbox 1326 947 1400 991; x_wconf 88' lang='lat' dir='ltr'><strong>oon-</strong></span> 
     </span>
     <span class='ocr_line' id='line_1_8' title="bbox 270 1009 1398 1095; baseline 0.002 -22"><span class='ocrx_word' id='word_1_50' title='bbox 270 1031 379 1074; x_wconf 90' lang='lat' dir='ltr'><strong>versos</strong></span> <span class='ocrx_word' id='word_1_51' title='bbox 408 1010 451 1074; x_wconf 90' lang='lat' dir='ltr'><strong>ad</strong></span> <span class='ocrx_word' id='word_1_52' title='bbox 478 1010 574 1075; x_wconf 89' lang='lat' dir='ltr'><strong>fidem</strong></span> <span class='ocrx_word' id='word_1_53' title='bbox 599 1011 737 1094; x_wconf 92' lang='lat' dir='ltr'><strong>populos</strong></span> <span class='ocrx_word' id='word_1_54' title='bbox 760 1009 955 1094; x_wconf 87' lang='lat' dir='ltr'><strong>suffraganei</strong></span> <span class='ocrx_word' id='word_1_55' title='bbox 977 1032 1042 1076; x_wconf 93' lang='lat' dir='ltr'><strong>non</strong></span> <span class='ocrx_word' id='word_1_56' title='bbox 1063 1010 1225 1076; x_wconf 87' lang='lat' dir='ltr'><strong>habentur</strong></span> <span class='ocrx_word' id='word_1_57' title='bbox 1247 1013 1398 1095; x_wconf 86' lang='lat' dir='ltr'><strong>episcopi,</strong></span> 
     </span>
     <span class='ocr_line' id='line_1_9' title="bbox 270 1095 1398 1180; baseline 0.001 -21"><span class='ocrx_word' id='word_1_58' title='bbox 270 1116 290 1159; x_wconf 98' lang='lat' dir='ltr'><strong>a</strong></span> <span class='ocrx_word' id='word_1_59' title='bbox 317 1095 435 1178; x_wconf 89' lang='lat' dir='ltr'><strong>quibus</strong></span> <span class='ocrx_word' id='word_1_60' title='bbox 465 1096 657 1162; x_wconf 80' lang='lat' dir='ltr'><strong>decedente⁰</strong></span> <span class='ocrx_word' id='word_1_61' title='bbox 674 1118 750 1161; x_wconf 86' lang='lat' dir='ltr'><strong>-uno</strong></span> <span class='ocrx_word' id='word_1_62' title='bbox 775 1095 858 1162; x_wconf 89' lang='lat' dir='ltr'><strong>alter</strong></span> <span class='ocrx_word' id='word_1_63' title='bbox 880 1096 1141 1180; x_wconf 88' lang='lat' dir='ltr'><strong>archiepiscopus</strong></span> <span class='ocrx_word' id='word_1_64' title='bbox 1164 1098 1398 1176; x_wconf 59' lang='lat' dir='ltr'><strong>consecraturi,</strong></span> 
     </span>
     <span class='ocr_line' id='line_1_10' title="bbox 268 1180 1400 1266; baseline 0.001 -20"><span class='ocrx_word' id='word_1_65' title='bbox 268 1180 434 1264; x_wconf 88' lang='lat' dir='ltr'><strong>palatinae</strong></span> <span class='ocrx_word' id='word_1_66' title='bbox 469 1183 598 1248; x_wconf 91' lang='lat' dir='ltr'><strong>interim</strong></span> <span class='ocrx_word' id='word_1_67' title='bbox 631 1182 854 1266; x_wconf 85' lang='lat' dir='ltr'><strong>providentiae</strong></span> <span class='ocrx_word' id='word_1_68' title='bbox 889 1182 1128 1248; x_wconf 87' lang='lat' dir='ltr'><strong>succedentium</strong></span> <span class='ocrx_word' id='word_1_69' title='bbox 1162 1204 1220 1265; x_wconf 91' lang='lat' dir='ltr'><strong>per</strong></span> <span class='ocrx_word' id='word_1_70' title='bbox 1252 1188 1400 1266; x_wconf 90' lang='lat' dir='ltr'><strong>tempora</strong></span> 
     </span>
     <span class='ocr_line' id='line_1_11' title="bbox 268 1267 1398 1349; baseline 0.002 -18"><span class='ocrx_word' id='word_1_71' title='bbox 268 1267 455 1349; x_wconf 89' lang='lat' dir='ltr'><strong>pontificum</strong></span> <span class='ocrx_word' id='word_1_72' title='bbox 485 1271 683 1333; x_wconf 88' lang='lat' dir='ltr'><strong>consecratio</strong></span> <span class='ocrx_word' id='word_1_73' title='bbox 707 1269 749 1333; x_wconf 88' lang='lat' dir='ltr'><strong>sit</strong></span> <span class='ocrx_word' id='word_1_74' title='bbox 771 1269 956 1349; x_wconf 90' lang='lat' dir='ltr'><strong>commissa,</strong></span> <span class='ocrx_word' id='word_1_75' title='bbox 987 1267 1087 1333; x_wconf 91' lang='lat' dir='ltr'><strong>donec</strong></span> <span class='ocrx_word' id='word_1_76' title='bbox 1109 1290 1262 1333; x_wconf 90' lang='lat' dir='ltr'><strong>numerus</strong></span> <span class='ocrx_word' id='word_1_77' title='bbox 1285 1267 1398 1333; x_wconf 89' lang='lat' dir='ltr'><strong>suffra-</strong></span> 
     </span>
     <span class='ocr_line' id='line_1_12' title="bbox 269 1354 1398 1438; baseline 0.001 -21"><span class='ocrx_word' id='word_1_78' title='bbox 269 1375 445 1435; x_wconf 85' lang='lat' dir='ltr'><strong>ganeorum</strong></span> <span class='ocrx_word' id='word_1_79' title='bbox 473 1355 698 1438; x_wconf 90' lang='lat' dir='ltr'><strong>episcoporum</strong></span> <span class='ocrx_word' id='word_1_80' title='bbox 725 1355 877 1419; x_wconf 89' lang='lat' dir='ltr'><strong>canonice</strong></span> <span class='ocrx_word' id='word_1_81' title='bbox 904 1375 977 1418; x_wconf 90' lang='lat' dir='ltr'><strong>eum</strong></span> <span class='ocrx_word' id='word_1_82' title='bbox 1001 1374 1190 1418; x_wconf 88' lang='lat' dir='ltr'><strong>consecrare</strong></span> <span class='ocrx_word' id='word_1_83' title='bbox 1213 1354 1398 1419; x_wconf 87' lang='lat' dir='ltr'><strong>debentium</strong></span> 
     </span>
     <span class='ocr_line' id='line_1_13' title="bbox 270 1439 1398 1523; baseline 0 -19"><span class='ocrx_word' id='word_1_84' title='bbox 270 1461 310 1504; x_wconf 88' lang='lat' dir='ltr'><strong>ex</strong></span> <span class='ocrx_word' id='word_1_85' title='bbox 339 1439 488 1521; x_wconf 84' lang='lat' dir='ltr'><strong>gentibus</strong></span> <span class='ocrx_word' id='word_1_86' title='bbox 517 1441 716 1523; x_wconf 90' lang='lat' dir='ltr'><strong>suppleatur.</strong></span> <span class='ocrx_word' id='word_1_87' title='bbox 751 1439 852 1504; x_wconf 65' lang='lat' dir='ltr'><strong>&#39;Oum</strong></span> <span class='ocrx_word' id='word_1_88' title='bbox 881 1439 977 1504; x_wconf 90' lang='lat' dir='ltr'><strong>huius</strong></span> <span class='ocrx_word' id='word_1_89' title='bbox 1007 1461 1082 1521; x_wconf 83' lang='lat' dir='ltr'><strong>ergo</strong></span> <span class='ocrx_word' id='word_1_90' title='bbox 1113 1439 1155 1503; x_wconf 93' lang='lat' dir='ltr'><strong>ad</strong></span> <span class='ocrx_word' id='word_1_91' title='bbox 1184 1439 1398 1504; x_wconf 91' lang='lat' dir='ltr'><strong>ordinandum</strong></span> 
     </span>
     <span class='ocr_line' id='line_1_14' title="bbox 269 1524 1398 1608; baseline 0.002 -20"><span class='ocrx_word' id='word_1_92' title='bbox 269 1546 342 1588; x_wconf 90' lang='lat' dir='ltr'><strong>eum</strong></span> <span class='ocrx_word' id='word_1_93' title='bbox 372 1527 493 1591; x_wconf 88' lang='lat' dir='ltr'><strong>tenoris</strong></span> <span class='ocrx_word' id='word_1_94' title='bbox 522 1527 743 1591; x_wconf 88' lang='lat' dir='ltr'><strong>insinuacione</strong></span> <span class='ocrx_word' id='word_1_95' title='bbox 771 1525 987 1590; x_wconf 90' lang='lat' dir='ltr'><strong>venerabilem</strong></span> <span class='ocrx_word' id='word_1_96' title='bbox 1010 1524 1210 1590; x_wconf 87' lang='lat' dir='ltr'><strong>Rimbertum</strong></span> <span class='ocrx_word' id='word_1_97' title='bbox 1240 1525 1398 1608; x_wconf 86' lang='lat' dir='ltr'><strong>gloriosus</strong></span> 
     </span>
     <span class='ocr_line' id='line_1_15' title="bbox 269 1610 1397 1694; baseline 0 -20"><span class='ocrx_word' id='word_1_98' title='bbox 269 1632 327 1675; x_wconf 89' lang='lat' dir='ltr'><strong>rex</strong></span> <span class='ocrx_word' id='word_1_99' title='bbox 349 1610 468 1676; x_wconf 85' lang='lat' dir='ltr'><strong>direxit</strong></span> <span class='ocrx_word' id='word_1_100' title='bbox 491 1612 532 1676; x_wconf 97' lang='lat' dir='ltr'><strong>ad</strong></span> <span class='ocrx_word' id='word_1_101' title='bbox 555 1611 766 1676; x_wconf 87' lang='lat' dir='ltr'><strong>Liudbertum</strong></span> <span class='ocrx_word' id='word_1_102' title='bbox 791 1611 1067 1693; x_wconf 78' lang='lat' dir='ltr'><strong>Mogonciensem⁰</strong></span> <span class='ocrx_word' id='word_1_103' title='bbox 1093 1611 1397 1694; x_wconf 77' lang='lat' dir='ltr'><strong>archiepiscopumf,</strong></span> 
     </span>
     <span class='ocr_line' id='line_1_16' title="bbox 270 1696 1397 1780; baseline 0.002 -20"><span class='ocrx_word' id='word_1_104' title='bbox 270 1719 290 1760; x_wconf 90' lang='lat' dir='ltr'><strong>a</strong></span> <span class='ocrx_word' id='word_1_105' title='bbox 320 1718 383 1779; x_wconf 91' lang='lat' dir='ltr'><strong>quo</strong></span> <span class='ocrx_word' id='word_1_106' title='bbox 406 1698 497 1761; x_wconf 92' lang='lat' dir='ltr'><strong>iussu</strong></span> <span class='ocrx_word' id='word_1_107' title='bbox 520 1699 589 1762; x_wconf 89' lang='lat' dir='ltr'><strong>eius</strong></span> <span class='ocrx_word' id='word_1_108' title='bbox 611 1700 658 1762; x_wconf 89' lang='lat' dir='ltr'><strong>ita</strong></span> <span class='ocrx_word' id='word_1_109' title='bbox 681 1705 729 1763; x_wconf 89' lang='lat' dir='ltr'><strong>est</strong></span> <span class='ocrx_word' id='word_1_110' title='bbox 752 1703 972 1778; x_wconf 89' lang='lat' dir='ltr'><strong>consecratus,</strong></span> <span class='ocrx_word' id='word_1_111' title='bbox 1001 1703 1038 1761; x_wconf 89' lang='lat' dir='ltr'><strong>ut</strong></span> <span class='ocrx_word' id='word_1_112' title='bbox 1059 1696 1190 1780; x_wconf 90' lang='lat' dir='ltr'><strong>provide</strong></span> <span class='ocrx_word' id='word_1_113' title='bbox 1214 1702 1322 1762; x_wconf 89' lang='lat' dir='ltr'><strong>actum</strong></span> <span class='ocrx_word' id='word_1_114' title='bbox 1346 1699 1397 1778; x_wconf 88' lang='lat' dir='ltr'><strong>sit,</strong></span> 
     </span>
     <span class='ocr_line' id='line_1_17' title="bbox 271 1782 1398 1867; baseline 0.002 -22"><span class='ocrx_word' id='word_1_115' title='bbox 271 1783 423 1865; x_wconf 89' lang='lat' dir='ltr'><strong>quatinus</strong></span> <span class='ocrx_word' id='word_1_116' title='bbox 446 1783 479 1846; x_wconf 93' lang='lat' dir='ltr'><strong>in</strong></span> <span class='ocrx_word' id='word_1_117' title='bbox 502 1783 699 1848; x_wconf 91' lang='lat' dir='ltr'><strong>adiutorium</strong></span> <span class='ocrx_word' id='word_1_118' title='bbox 723 1783 978 1848; x_wconf 89' lang='lat' dir='ltr'><strong>consecrationis</strong></span> <span class='ocrx_word' id='word_1_119' title='bbox 1000 1805 1066 1847; x_wconf 92' lang='lat' dir='ltr'><strong>non</strong></span> <span class='ocrx_word' id='word_1_120' title='bbox 1084 1785 1180 1847; x_wconf 91' lang='lat' dir='ltr'><strong>unius</strong></span> <span class='ocrx_word' id='word_1_121' title='bbox 1199 1782 1398 1867; x_wconf 83' lang='lat' dir='ltr'><strong>metropolis,</strong></span> 
     </span>
     <span class='ocr_line' id='line_1_18' title="bbox 268 1865 1400 1952; baseline 0.002 -20"><span class='ocrx_word' id='word_1_122' title='bbox 268 1873 318 1932; x_wconf 89' lang='lat' dir='ltr'><strong>set</strong></span> <span class='ocrx_word' id='word_1_123' title='bbox 348 1867 485 1933; x_wconf 90' lang='lat' dir='ltr'><strong>duarum</strong></span> <span class='ocrx_word' id='word_1_124' title='bbox 517 1870 722 1935; x_wconf 89' lang='lat' dir='ltr'><strong>convenirent</strong></span> <span class='ocrx_word' id='word_1_125' title='bbox 753 1865 963 1952; x_wconf 82' lang='lat' dir='ltr'><strong>suffraganei,</strong></span> <span class='ocrx_word' id='word_1_126' title='bbox 995 1868 1221 1933; x_wconf 77' lang='lat' dir='ltr'><strong>Liudhardusg</strong></span> <span class='ocrx_word' id='word_1_127' title='bbox 1249 1869 1400 1934; x_wconf 87' lang='lat' dir='ltr'><strong>videlicet</strong></span> 
     </span>
     <span class='ocr_line' id='line_1_19' title="bbox 270 1953 1399 2039; baseline 0.001 -22"><span class='ocrx_word' id='word_1_128' title='bbox 270 1953 592 2020; x_wconf 85' lang='lat' dir='ltr'><strong>Padarbrunnensish</strong></span> <span class='ocrx_word' id='word_1_129' title='bbox 626 1957 809 2038; x_wconf 87' lang='lat' dir='ltr'><strong>episcopus,</strong></span> <span class='ocrx_word' id='word_1_130' title='bbox 837 1955 1002 2039; x_wconf 87' lang='lat' dir='ltr'><strong>pertinens</strong></span> <span class='ocrx_word' id='word_1_131' title='bbox 1032 1954 1082 2037; x_wconf 38' lang='lat' dir='ltr'><strong>ad,</strong></span> <span class='ocrx_word' id='word_1_132' title='bbox 1102 1953 1332 2037; x_wconf 66' lang='lat' dir='ltr'><strong>Mogontiami,</strong></span> <span class='ocrx_word' id='word_1_133' title='bbox 1366 1960 1399 2018; x_wconf 87' lang='lat' dir='ltr'><strong>et</strong></span> 
     </span>
     <span class='ocr_line' id='line_1_20' title="bbox 267 2039 1398 2124; baseline 0 -21"><span class='ocrx_word' id='word_1_134' title='bbox 267 2039 434 2122; x_wconf 87' lang='lat' dir='ltr'><strong>praefatus</strong></span> <span class='ocrx_word' id='word_1_135' title='bbox 454 2040 706 2120; x_wconf 67' lang='lat' dir='ltr'><strong>Theodericusk,</strong></span> <span class='ocrx_word' id='word_1_136' title='bbox 723 2040 948 2124; x_wconf 85' lang='lat' dir='ltr'><strong>suffraganeus</strong></span> <span class='ocrx_word' id='word_1_137' title='bbox 971 2040 1206 2124; x_wconf 89' lang='lat' dir='ltr'><strong>archiepiscopi</strong></span> <span class='ocrx_word' id='word_1_138' title='bbox 1230 2039 1398 2105; x_wconf 82' lang='lat' dir='ltr'><strong>Colonien-</strong></span> 
     </span>
     <span class='ocr_line' id='line_1_21' title="bbox 268 2125 1398 2209; baseline 0 -20"><span class='ocrx_word' id='word_1_139' title='bbox 268 2126 321 2189; x_wconf 88' lang='lat' dir='ltr'><strong>sis.</strong></span> <span class='ocrx_word' id='word_1_140' title='bbox 364 2126 451 2203; x_wconf 80' lang='lat' dir='ltr'><strong>Quos</strong></span> <span class='ocrx_word' id='word_1_141' title='bbox 470 2127 516 2193; x_wconf 90' lang='lat' dir='ltr'><strong>ita</strong></span> <span class='ocrx_word' id='word_1_142' title='bbox 534 2127 718 2209; x_wconf 88' lang='lat' dir='ltr'><strong>permixtim</strong></span> <span class='ocrx_word' id='word_1_143' title='bbox 736 2127 850 2194; x_wconf 88' lang='lat' dir='ltr'><strong>adesse</strong></span> <span class='ocrx_word' id='word_1_144' title='bbox 867 2126 988 2191; x_wconf 89' lang='lat' dir='ltr'><strong>idcirco</strong></span> <span class='ocrx_word' id='word_1_145' title='bbox 1006 2127 1139 2209; x_wconf 81' lang='lat' dir='ltr'><strong>placuit,</strong></span> <span class='ocrx_word' id='word_1_146' title='bbox 1163 2131 1199 2190; x_wconf 93' lang='lat' dir='ltr'><strong>ut</strong></span> <span class='ocrx_word' id='word_1_147' title='bbox 1216 2133 1284 2191; x_wconf 89' lang='lat' dir='ltr'><strong>tam</strong></span> <span class='ocrx_word' id='word_1_148' title='bbox 1301 2125 1398 2190; x_wconf 90' lang='lat' dir='ltr'><strong>huius</strong></span> 
     </span>
     <span class='ocr_line' id='line_1_22' title="bbox 268 2211 1398 2295; baseline 0.002 -21"><span class='ocrx_word' id='word_1_149' title='bbox 268 2213 520 2277; x_wconf 88' lang='lat' dir='ltr'><strong>consecrationis</strong></span> <span class='ocrx_word' id='word_1_150' title='bbox 549 2213 635 2278; x_wconf 90' lang='lat' dir='ltr'><strong>actio</strong></span> <span class='ocrx_word' id='word_1_151' title='bbox 665 2234 763 2295; x_wconf 91' lang='lat' dir='ltr'><strong>quam</strong></span> <span class='ocrx_word' id='word_1_152' title='bbox 792 2213 891 2278; x_wconf 89' lang='lat' dir='ltr'><strong>etiam</strong></span> <span class='ocrx_word' id='word_1_153' title='bbox 918 2211 1028 2276; x_wconf 90' lang='lat' dir='ltr'><strong>domni</strong></span> <span class='ocrx_word' id='word_1_154' title='bbox 1050 2212 1200 2293; x_wconf 85' lang='lat' dir='ltr'><strong>Ansgarii</strong></span> <span class='ocrx_word' id='word_1_155' title='bbox 1227 2212 1398 2295; x_wconf 85' lang='lat' dir='ltr'><strong>primitus¹</strong></span> 
     </span>
     <span class='ocr_line' id='line_1_23' title="bbox 269 2297 1398 2381; baseline 0 -20"><span class='ocrx_word' id='word_1_156' title='bbox 269 2297 310 2361; x_wconf 92' lang='lat' dir='ltr'><strong>ad</strong></span> <span class='ocrx_word' id='word_1_157' title='bbox 340 2297 449 2364; x_wconf 89' lang='lat' dir='ltr'><strong>sedem</strong></span> <span class='ocrx_word' id='word_1_158' title='bbox 478 2299 583 2381; x_wconf 90' lang='lat' dir='ltr'><strong>ipsam</strong></span> <span class='ocrx_word' id='word_1_159' title='bbox 611 2299 709 2363; x_wconf 90' lang='lat' dir='ltr'><strong>simili</strong></span> <span class='ocrx_word' id='word_1_160' title='bbox 731 2297 826 2362; x_wconf 92' lang='lat' dir='ltr'><strong>modo</strong></span> <span class='ocrx_word' id='word_1_161' title='bbox 849 2299 938 2363; x_wconf 83' lang='lat' dir='ltr'><strong>facta</strong></span> <span class='ocrx_word' id='word_1_162' title='bbox 961 2297 1121 2362; x_wconf 89' lang='lat' dir='ltr'><strong>ordinatio</strong></span> <span class='ocrx_word' id='word_1_163' title='bbox 1144 2299 1177 2361; x_wconf 94' lang='lat' dir='ltr'><strong>in</strong></span> <span class='ocrx_word' id='word_1_164' title='bbox 1200 2298 1325 2379; x_wconf 88' lang='lat' dir='ltr'><strong>signum</strong></span> <span class='ocrx_word' id='word_1_165' title='bbox 1349 2319 1398 2361; x_wconf 87' lang='lat' dir='ltr'><strong>es-</strong></span> 
     </span>
     <span class='ocr_line' id='line_1_24' title="bbox 269 2382 1396 2468; baseline -0.001 -21"><span class='ocrx_word' id='word_1_166' title='bbox 269 2389 339 2447; x_wconf 89' lang='lat' dir='ltr'><strong>sent</strong></span> <span class='ocrx_word' id='word_1_167' title='bbox 361 2382 479 2448; x_wconf 91' lang='lat' dir='ltr'><strong>futuris</strong></span> <span class='ocrx_word' id='word_1_168' title='bbox 503 2385 713 2468; x_wconf 71' lang='lat' dir='ltr'><strong>temporibus</strong></span> <span class='ocrx_word' id='word_1_169' title='bbox 737 2383 823 2466; x_wconf 94' lang='lat' dir='ltr'><strong>quod</strong></span> <span class='ocrx_word' id='word_1_170' title='bbox 846 2384 888 2448; x_wconf 92' lang='lat' dir='ltr'><strong>ad</strong></span> <span class='ocrx_word' id='word_1_171' title='bbox 910 2383 1033 2448; x_wconf 90' lang='lat' dir='ltr'><strong>nullam</strong></span> <span class='ocrx_word' id='word_1_172' title='bbox 1055 2384 1245 2447; x_wconf 90' lang='lat' dir='ltr'><strong>nominatim</strong></span> <span class='ocrx_word' id='word_1_173' title='bbox 1267 2383 1396 2448; x_wconf 90' lang='lat' dir='ltr'><strong>condio-</strong></span> 
     </span>
     <span class='ocr_line' id='line_1_25' title="bbox 268 2468 1397 2553; baseline 0.001 -21"><span class='ocrx_word' id='word_1_174' title='bbox 268 2469 461 2533; x_wconf 78' lang='lat' dir='ltr'><strong>casitatemnn</strong></span> <span class='ocrx_word' id='word_1_175' title='bbox 484 2491 761 2553; x_wconf 89' lang='lat' dir='ltr'><strong>quorumcumque</strong></span> <span class='ocrx_word' id='word_1_176' title='bbox 791 2471 1016 2552; x_wconf 91' lang='lat' dir='ltr'><strong>episcoporum</strong></span> <span class='ocrx_word' id='word_1_177' title='bbox 1043 2469 1218 2552; x_wconf 84' lang='lat' dir='ltr'><strong>pertineat,</strong></span> <span class='ocrx_word' id='word_1_178' title='bbox 1249 2468 1291 2533; x_wconf 90' lang='lat' dir='ltr'><strong>ad</strong></span> <span class='ocrx_word' id='word_1_179' title='bbox 1313 2469 1397 2533; x_wconf 89' lang='lat' dir='ltr'><strong>hane</strong></span> 
     </span>
     <span class='ocr_line' id='line_1_26' title="bbox 268 2553 1396 2639; baseline 0 -21"><span class='ocrx_word' id='word_1_180' title='bbox 268 2553 376 2619; x_wconf 89' lang='lat' dir='ltr'><strong>sedem</strong></span> <span class='ocrx_word' id='word_1_181' title='bbox 400 2576 590 2621; x_wconf 87' lang='lat' dir='ltr'><strong>consecrare</strong></span> <span class='ocrx_word' id='word_1_182' title='bbox 613 2557 808 2639; x_wconf 89' lang='lat' dir='ltr'><strong>episcopum,</strong></span> <span class='ocrx_word' id='word_1_183' title='bbox 840 2561 888 2620; x_wconf 90' lang='lat' dir='ltr'><strong>set</strong></span> <span class='ocrx_word' id='word_1_184' title='bbox 910 2560 1045 2632; x_wconf 92' lang='lat' dir='ltr'><strong>tantum,</strong></span> <span class='ocrx_word' id='word_1_185' title='bbox 1075 2561 1112 2618; x_wconf 90' lang='lat' dir='ltr'><strong>ut</strong></span> <span class='ocrx_word' id='word_1_186' title='bbox 1134 2554 1283 2635; x_wconf 84' lang='lat' dir='ltr'><strong>diximus,</strong></span> <span class='ocrx_word' id='word_1_187' title='bbox 1305 2554 1396 2638; x_wconf 87' lang='lat' dir='ltr'><strong>pala-</strong></span> 
     </span>
     <span class='ocr_line' id='line_1_27' title="bbox 266 2640 1397 2726; baseline -0.002 -21"><span class='ocrx_word' id='word_1_188' title='bbox 266 2641 356 2705; x_wconf 88' lang='lat' dir='ltr'><strong>tinae</strong></span> <span class='ocrx_word' id='word_1_189' title='bbox 379 2640 441 2706; x_wconf 93' lang='lat' dir='ltr'><strong>hoc</strong></span> <span class='ocrx_word' id='word_1_190' title='bbox 462 2644 667 2707; x_wconf 90' lang='lat' dir='ltr'><strong>commissum</strong></span> <span class='ocrx_word' id='word_1_191' title='bbox 686 2643 729 2706; x_wconf 89' lang='lat' dir='ltr'><strong>sit</strong></span> <span class='ocrx_word' id='word_1_192' title='bbox 745 2641 1000 2726; x_wconf 68' lang='lat' dir='ltr'><strong>providentiam,</strong></span> <span class='ocrx_word' id='word_1_193' title='bbox 1021 2641 1121 2706; x_wconf 89' lang='lat' dir='ltr'><strong>donec</strong></span> <span class='ocrx_word' id='word_1_194' title='bbox 1140 2641 1397 2706; x_wconf 88' lang='lat' dir='ltr'><strong>consecrantium</strong></span> 
     </span>
     <span class='ocr_line' id='line_1_28' title="bbox 267 2727 875 2811; baseline 0.003 -21"><span class='ocrx_word' id='word_1_195' title='bbox 267 2747 420 2791; x_wconf 86' lang='lat' dir='ltr'><strong>numerus</strong></span> <span class='ocrx_word' id='word_1_196' title='bbox 444 2729 653 2810; x_wconf 85' lang='lat' dir='ltr'><strong>exgentibus</strong></span> <span class='ocrx_word' id='word_1_197' title='bbox 676 2727 875 2811; x_wconf 89' lang='lat' dir='ltr'><strong>suppleatur.</strong></span> 
     </span>
    </p>

    <p class='ocr_par' dir='ltr' id='par_1_3' title="bbox 268 2811 1396 3153">
     <span class='ocr_line' id='line_1_29' title="bbox 355 2811 1396 2879; baseline -0.004 -1"><span class='ocrx_word' id='word_1_198' title='bbox 355 2815 404 2878; x_wconf 73' lang='lat'><strong>12.</strong></span> <span class='ocrx_word' id='word_1_199' title='bbox 441 2813 565 2879; x_wconf 87' lang='lat' dir='ltr'><strong>Habuit</strong></span> <span class='ocrx_word' id='word_1_200' title='bbox 587 2819 695 2878; x_wconf 90' lang='lat' dir='ltr'><strong>autem</strong></span> <span class='ocrx_word' id='word_1_201' title='bbox 718 2814 771 2878; x_wconf 91' lang='lat' dir='ltr'><strong>hic</strong></span> <span class='ocrx_word' id='word_1_202' title='bbox 793 2814 1015 2878; x_wconf 89' lang='lat' dir='ltr'><strong>sanctissimus</strong></span> <span class='ocrx_word' id='word_1_203' title='bbox 1037 2813 1086 2877; x_wconf 91' lang='lat' dir='ltr'><strong>vir</strong></span> <span class='ocrx_word' id='word_1_204' title='bbox 1109 2813 1186 2876; x_wconf 92' lang='lat' dir='ltr'><strong>olim</strong></span> <span class='ocrx_word' id='word_1_205' title='bbox 1205 2811 1268 2875; x_wconf 92' lang='lat' dir='ltr'><strong>hoc</strong></span> <span class='ocrx_word' id='word_1_206' title='bbox 1287 2816 1396 2876; x_wconf 90' lang='lat' dir='ltr'><strong>votum</strong></span> 
     </span>
     <span class='ocr_line' id='line_1_30' title="bbox 268 2896 1396 2982; baseline 0 -22"><span class='ocrx_word' id='word_1_207' title='bbox 268 2897 308 2962; x_wconf 90' lang='lat' dir='ltr'><strong>de</strong></span> <span class='ocrx_word' id='word_1_208' title='bbox 337 2920 371 2964; x_wconf 85' lang='lat' dir='ltr'><strong>se</strong></span> <span class='ocrx_word' id='word_1_209' title='bbox 400 2899 535 2979; x_wconf 89' lang='lat' dir='ltr'><strong>factum,</strong></span> <span class='ocrx_word' id='word_1_210' title='bbox 565 2905 602 2964; x_wconf 93' lang='lat' dir='ltr'><strong>ut</strong></span> <span class='ocrx_word' id='word_1_211' title='bbox 627 2906 702 2982; x_wconf 89' lang='lat' dir='ltr'><strong>post</strong></span> <span class='ocrx_word' id='word_1_212' title='bbox 728 2899 905 2964; x_wconf 88' lang='lat' dir='ltr'><strong>discessum</strong></span> <span class='ocrx_word' id='word_1_213' title='bbox 928 2898 1037 2963; x_wconf 90' lang='lat' dir='ltr'><strong>domni</strong></span> <span class='ocrx_word' id='word_1_214' title='bbox 1061 2899 1210 2980; x_wconf 83' lang='lat' dir='ltr'><strong>Ansgarii</strong></span> <span class='ocrx_word' id='word_1_215' title='bbox 1232 2896 1396 2961; x_wconf 91' lang='lat' dir='ltr'><strong>monachi-</strong></span> 
     </span>
     <span class='ocr_line' id='line_1_31' title="bbox 268 2982 1396 3070; baseline -0.003 -22"><span class='ocrx_word' id='word_1_216' title='bbox 268 3005 339 3048; x_wconf 89' lang='lat' dir='ltr'><strong>cum</strong></span> <span class='ocrx_word' id='word_1_217' title='bbox 369 3007 445 3050; x_wconf 85' lang='lat' dir='ltr'><strong>mox</strong></span> <span class='ocrx_word' id='word_1_218' title='bbox 474 2991 507 3050; x_wconf 86' lang='lat' dir='ltr'><strong>et</strong></span> <span class='ocrx_word' id='word_1_219' title='bbox 534 2987 735 3070; x_wconf 91' lang='lat' dir='ltr'><strong>propositum</strong></span> <span class='ocrx_word' id='word_1_220' title='bbox 763 2986 924 3068; x_wconf 88' lang='lat' dir='ltr'><strong>acciperet</strong></span> <span class='ocrx_word' id='word_1_221' title='bbox 951 2991 982 3050; x_wconf 88' lang='lat' dir='ltr'><strong>et</strong></span> <span class='ocrx_word' id='word_1_222' title='bbox 1004 2984 1161 3049; x_wconf 89' lang='lat' dir='ltr'><strong>habitum.</strong></span> <span class='ocrx_word' id='word_1_223' title='bbox 1207 2982 1300 3047; x_wconf 92' lang='lat' dir='ltr'><strong>Unde</strong></span> <span class='ocrx_word' id='word_1_224' title='bbox 1322 3003 1396 3047; x_wconf 90' lang='lat' dir='ltr'><strong>cum</strong></span> 
     </span>
     <span class='ocr_line' id='line_1_32' title="bbox 268 3068 1396 3153; baseline -0.003 -19"><span class='ocrx_word' id='word_1_225' title='bbox 268 3071 402 3134; x_wconf 91' lang='lat' dir='ltr'><strong>consilio</strong></span> <span class='ocrx_word' id='word_1_226' title='bbox 426 3073 683 3136; x_wconf 87' lang='lat' dir='ltr'><strong>consecrantium</strong></span> <span class='ocrx_word' id='word_1_227' title='bbox 706 3093 740 3136; x_wconf 92' lang='lat' dir='ltr'><strong>se</strong></span> <span class='ocrx_word' id='word_1_228' title='bbox 762 3070 950 3153; x_wconf 89' lang='lat' dir='ltr'><strong>pontificum</strong></span> <span class='ocrx_word' id='word_1_229' title='bbox 972 3090 1047 3134; x_wconf 85' lang='lat' dir='ltr'><strong>mox</strong></span> <span class='ocrx_word' id='word_1_230' title='bbox 1067 3075 1142 3152; x_wconf 92' lang='lat' dir='ltr'><strong>post</strong></span> <span class='ocrx_word' id='word_1_231' title='bbox 1161 3068 1396 3133; x_wconf 88' lang='lat' dir='ltr'><strong>ordinationem</strong></span> 
     </span>
    </p>

    <p class='ocr_par' dir='ltr' id='par_1_4' title="bbox 247 3153 1397 3924">
     <span class='ocr_line' id='line_1_33' title="bbox 247 3153 1396 3238; baseline -0.001 -21"><span class='ocrx_word' id='word_1_232' title='bbox 247 3231 249 3237; x_wconf 15' lang='lat' dir='ltr'>y</span> <span class='ocrx_word' id='word_1_233' title='bbox 268 3154 311 3218; x_wconf 93' lang='lat' dir='ltr'><strong>ad</strong></span> <span class='ocrx_word' id='word_1_234' title='bbox 337 3159 571 3221; x_wconf 86' lang='lat' dir='ltr'><strong>monasterium</strong></span> <span class='ocrx_word' id='word_1_235' title='bbox 592 3156 701 3222; x_wconf 89' lang='lat' dir='ltr'><strong>Novae</strong></span> <span class='ocrx_word' id='word_1_236' title='bbox 725 3155 883 3222; x_wconf 81' lang='lat' dir='ltr'><strong>Gorbeiae</strong></span> <span class='ocrx_word' id='word_1_237' title='bbox 905 3177 1096 3238; x_wconf 89' lang='lat' dir='ltr'><strong>properans,</strong></span> <span class='ocrx_word' id='word_1_238' title='bbox 1124 3161 1243 3219; x_wconf 90' lang='lat' dir='ltr'><strong>vestem</strong></span> <span class='ocrx_word' id='word_1_239' title='bbox 1267 3153 1396 3235; x_wconf 85' lang='lat' dir='ltr'><strong>quidem</strong></span> 
     </span>
     <span class='ocr_line' id='line_1_34' title="bbox 269 3241 1396 3325; baseline -0.002 -21"><span class='ocrx_word' id='word_1_240' title='bbox 269 3241 356 3305; x_wconf 88' lang='lat' dir='ltr'><strong>illius</strong></span> <span class='ocrx_word' id='word_1_241' title='bbox 384 3243 625 3323; x_wconf 83' lang='lat' dir='ltr'><strong>promissionis⁰</strong></span> <span class='ocrx_word' id='word_1_242' title='bbox 655 3264 694 3307; x_wconf 83' lang='lat' dir='ltr'><strong>ex</strong></span> <span class='ocrx_word' id='word_1_243' title='bbox 723 3244 848 3323; x_wconf 85' lang='lat' dir='ltr'><strong>integro</strong></span> <span class='ocrx_word' id='word_1_244' title='bbox 879 3243 1033 3325; x_wconf 87' lang='lat' dir='ltr'><strong>suscepit,</strong></span> <span class='ocrx_word' id='word_1_245' title='bbox 1064 3241 1316 3305; x_wconf 86' lang='lat' dir='ltr'><strong>conversationis</strong></span> <span class='ocrx_word' id='word_1_246' title='bbox 1340 3260 1396 3303; x_wconf 90' lang='lat' dir='ltr'><strong>au-</strong></span> 
     </span>
     <span class='ocr_line' id='line_1_35' title="bbox 266 3327 1395 3411; baseline -0.002 -21"><span class='ocrx_word' id='word_1_247' title='bbox 266 3331 332 3390; x_wconf 90' lang='lat' dir='ltr'><strong>tem</strong></span> <span class='ocrx_word' id='word_1_248' title='bbox 359 3327 447 3391; x_wconf 93' lang='lat' dir='ltr'><strong>illius</strong></span> <span class='ocrx_word' id='word_1_249' title='bbox 475 3329 739 3411; x_wconf 75' lang='lat' dir='ltr'><strong>promissionem</strong></span> <span class='ocrx_word' id='word_1_250' title='bbox 768 3329 815 3392; x_wconf 90' lang='lat' dir='ltr'><strong>ita</strong></span> <span class='ocrx_word' id='word_1_251' title='bbox 837 3328 923 3406; x_wconf 84' lang='lat' dir='ltr'><strong>feeit,</strong></span> <span class='ocrx_word' id='word_1_252' title='bbox 947 3334 983 3392; x_wconf 92' lang='lat' dir='ltr'><strong>ut</strong></span> <span class='ocrx_word' id='word_1_253' title='bbox 1006 3328 1281 3391; x_wconf 86' lang='lat' dir='ltr'><strong>conversationem</strong></span> <span class='ocrx_word' id='word_1_254' title='bbox 1303 3346 1395 3389; x_wconf 91' lang='lat' dir='ltr'><strong>suam</strong></span> 
     </span>
     <span class='ocr_line' id='line_1_36' title="bbox 269 3411 1396 3479; baseline -0.004 -2"><span class='ocrx_word' id='word_1_255' title='bbox 269 3418 301 3477; x_wconf 85' lang='lat' dir='ltr'><strong>et</strong></span> <span class='ocrx_word' id='word_1_256' title='bbox 321 3413 533 3478; x_wconf 90' lang='lat' dir='ltr'><strong>stabilitatem</strong></span> <span class='ocrx_word' id='word_1_257' title='bbox 551 3434 676 3478; x_wconf 89' lang='lat' dir='ltr'><strong>morum</strong></span> <span class='ocrx_word' id='word_1_258' title='bbox 694 3435 827 3478; x_wconf 90' lang='lat' dir='ltr'><strong>suorum</strong></span> <span class='ocrx_word' id='word_1_259' title='bbox 845 3419 878 3478; x_wconf 90' lang='lat' dir='ltr'><strong>et</strong></span> <span class='ocrx_word' id='word_1_260' title='bbox 896 3413 1132 3479; x_wconf 86' lang='lat' dir='ltr'><strong>oboedientiam</strong></span> <span class='ocrx_word' id='word_1_261' title='bbox 1152 3411 1327 3477; x_wconf 89' lang='lat' dir='ltr'><strong>secundum</strong></span> <span class='ocrx_word' id='word_1_262' title='bbox 1347 3432 1396 3474; x_wconf 90' lang='lat' dir='ltr'><strong>re·</strong></span> 
     </span>
     <span class='ocr_line' id='line_1_37' title="bbox 266 3498 1396 3581; baseline -0.003 -19"><span class='ocrx_word' id='word_1_263' title='bbox 266 3499 375 3580; x_wconf 88' lang='lat' dir='ltr'><strong>gulam</strong></span> <span class='ocrx_word' id='word_1_264' title='bbox 399 3500 502 3564; x_wconf 90' lang='lat' dir='ltr'><strong>sancti</strong></span> <span class='ocrx_word' id='word_1_265' title='bbox 525 3499 713 3564; x_wconf 78' lang='lat' dir='ltr'><strong>Benedicti2</strong></span> <span class='ocrx_word' id='word_1_266' title='bbox 739 3499 914 3580; x_wconf 85' lang='lat' dir='ltr'><strong>exhiberet,</strong></span> <span class='ocrx_word' id='word_1_267' title='bbox 938 3499 972 3563; x_wconf 94' lang='lat' dir='ltr'><strong>in</strong></span> <span class='ocrx_word' id='word_1_268' title='bbox 995 3504 1152 3581; x_wconf 91' lang='lat' dir='ltr'><strong>quantum</strong></span> <span class='ocrx_word' id='word_1_269' title='bbox 1173 3498 1267 3562; x_wconf 90' lang='lat' dir='ltr'><strong>labor</strong></span> <span class='ocrx_word' id='word_1_270' title='bbox 1290 3502 1322 3560; x_wconf 88' lang='lat' dir='ltr'><strong>et</strong></span> <span class='ocrx_word' id='word_1_271' title='bbox 1344 3517 1396 3559; x_wconf 91' lang='lat' dir='ltr'><strong>oc-</strong></span> 
     </span>
     <span class='ocr_line' id='line_1_38' title="bbox 269 3581 1396 3669; baseline -0.004 -21"><span class='ocrx_word' id='word_1_272' title='bbox 269 3585 398 3666; x_wconf 88' lang='lat' dir='ltr'><strong>cupatio</strong></span> <span class='ocrx_word' id='word_1_273' title='bbox 428 3587 570 3668; x_wconf 89' lang='lat' dir='ltr'><strong>suscepti</strong></span> <span class='ocrx_word' id='word_1_274' title='bbox 598 3585 806 3669; x_wconf 89' lang='lat' dir='ltr'><strong>pontificatus</strong></span> <span class='ocrx_word' id='word_1_275' title='bbox 835 3585 1074 3668; x_wconf 89' lang='lat' dir='ltr'><strong>permitterent..</strong></span> <span class='ocrx_word' id='word_1_276' title='bbox 1119 3583 1161 3648; x_wconf 86' lang='lat' dir='ltr'><strong>Et</strong></span> <span class='ocrx_word' id='word_1_277' title='bbox 1187 3588 1224 3647; x_wconf 93' lang='lat' dir='ltr'><strong>ut</strong></span> <span class='ocrx_word' id='word_1_278' title='bbox 1245 3583 1278 3645; x_wconf 92' lang='lat' dir='ltr'><strong>in</strong></span> <span class='ocrx_word' id='word_1_279' title='bbox 1300 3581 1396 3645; x_wconf 91' lang='lat' dir='ltr'><strong>huius</strong></span> 
     </span>
     <span class='ocr_line' id='line_1_39' title="bbox 266 3667 1396 3752; baseline -0.002 -19"><span class='ocrx_word' id='word_1_280' title='bbox 266 3671 491 3752; x_wconf 89' lang='lat' dir='ltr'><strong>promissionis</strong></span> <span class='ocrx_word' id='word_1_281' title='bbox 515 3671 630 3736; x_wconf 88' lang='lat' dir='ltr'><strong>effectu</strong></span> <span class='ocrx_word' id='word_1_282' title='bbox 651 3673 793 3736; x_wconf 88' lang='lat' dir='ltr'><strong>veratius</strong></span> <span class='ocrx_word' id='word_1_283' title='bbox 817 3675 1031 3750; x_wconf 89' lang='lat' dir='ltr'><strong>assuesceret,</strong></span> <span class='ocrx_word' id='word_1_284' title='bbox 1062 3670 1203 3752; x_wconf 90' lang='lat' dir='ltr'><strong>aliquem</strong></span> <span class='ocrx_word' id='word_1_285' title='bbox 1226 3667 1265 3731; x_wconf 89' lang='lat' dir='ltr'><strong>de</strong></span> <span class='ocrx_word' id='word_1_286' title='bbox 1287 3667 1396 3732; x_wconf 83' lang='lat' dir='ltr'><strong>fratri·</strong></span> 
     </span>
     <span class='ocr_line' id='line_1_40' title="bbox 268 3753 1397 3840; baseline -0.004 -20"><span class='ocrx_word' id='word_1_287' title='bbox 268 3756 329 3820; x_wconf 88' lang='lat' dir='ltr'><strong>bus</strong></span> <span class='ocrx_word' id='word_1_288' title='bbox 344 3756 487 3821; x_wconf 89' lang='lat' dir='ltr'><strong>eiusdem</strong></span> <span class='ocrx_word' id='word_1_289' title='bbox 500 3758 688 3822; x_wconf 88' lang='lat' dir='ltr'><strong>monasterii</strong></span> <span class='ocrx_word' id='word_1_290' title='bbox 707 3758 768 3822; x_wconf 90' lang='lat' dir='ltr'><strong>sibi</strong></span> <span class='ocrx_word' id='word_1_291' title='bbox 785 3758 947 3840; x_wconf 91' lang='lat' dir='ltr'><strong>praestari</strong></span> <span class='ocrx_word' id='word_1_292' title='bbox 965 3756 1111 3840; x_wconf 83' lang='lat' dir='ltr'><strong>rogabat,</strong></span> <span class='ocrx_word' id='word_1_293' title='bbox 1131 3777 1204 3820; x_wconf 92' lang='lat' dir='ltr'><strong>cum</strong></span> <span class='ocrx_word' id='word_1_294' title='bbox 1222 3774 1296 3836; x_wconf 89' lang='lat' dir='ltr'><strong>quo,</strong></span> <span class='ocrx_word' id='word_1_295' title='bbox 1320 3753 1397 3834; x_wconf 88' lang='lat' dir='ltr'><strong>quia</strong></span> 
     </span>
     <span class='ocr_line' id='line_1_41' title="bbox 266 3839 1396 3924; baseline -0.003 -20"><span class='ocrx_word' id='word_1_296' title='bbox 266 3842 329 3924; x_wconf 91' lang='lat' dir='ltr'><strong>ipsi</strong></span> <span class='ocrx_word' id='word_1_297' title='bbox 357 3843 391 3905; x_wconf 90' lang='lat' dir='ltr'><strong>in</strong></span> <span class='ocrx_word' id='word_1_298' title='bbox 421 3844 618 3909; x_wconf 89' lang='lat' dir='ltr'><strong>monasterio</strong></span> <span class='ocrx_word' id='word_1_299' title='bbox 648 3864 717 3908; x_wconf 89' lang='lat' dir='ltr'><strong>esse</strong></span> <span class='ocrx_word' id='word_1_300' title='bbox 746 3864 811 3907; x_wconf 93' lang='lat' dir='ltr'><strong>non</strong></span> <span class='ocrx_word' id='word_1_301' title='bbox 838 3843 945 3922; x_wconf 92' lang='lat' dir='ltr'><strong>licuit,</strong></span> <span class='ocrx_word' id='word_1_302' title='bbox 977 3843 1129 3906; x_wconf 90' lang='lat' dir='ltr'><strong>solatium</strong></span> <span class='ocrx_word' id='word_1_303' title='bbox 1158 3839 1294 3903; x_wconf 90' lang='lat' dir='ltr'><strong>haberet</strong></span> <span class='ocrx_word' id='word_1_304' title='bbox 1317 3839 1396 3902; x_wconf 91' lang='lat' dir='ltr'><strong>assi-</strong></span> 
     </span>
    </p>
   </div>
   <div class='ocr_carea' id='block_1_3' title="bbox 265 3951 1396 4160">
    <p class='ocr_par' dir='ltr' id='par_1_5' title="bbox 265 3951 1396 4160">
     <span class='ocr_line' id='line_1_42' title="bbox 265 3951 1396 4005; baseline -0.003 -12"><span class='ocrx_word' id='word_1_305' title='bbox 265 3965 279 3993; x_wconf 81' lang='lat' dir='ltr'><strong>a</strong></span> <span class='ocrx_word' id='word_1_306' title='bbox 300 3954 452 3994; x_wconf 70' lang='lat' dir='ltr'><strong>abscondam</strong></span> <span class='ocrx_word' id='word_1_307' title='bbox 465 3966 529 3994; x_wconf 82' lang='lat' dir='ltr'><strong>manu</strong></span> <span class='ocrx_word' id='word_1_308' title='bbox 542 3958 588 4004; x_wconf 80' lang='lat' dir='ltr'><strong>post</strong></span> <span class='ocrx_word' id='word_1_309' title='bbox 601 3954 652 3994; x_wconf 73' lang='lat' dir='ltr'><strong>add.</strong></span> <span class='ocrx_word' id='word_1_310' title='bbox 668 3957 687 3994; x_wconf 93' lang='lat'><strong>1.</strong></span> <span class='ocrx_word' id='word_1_311' title='bbox 727 3954 751 4005; x_wconf 89' lang='lat' dir='ltr'><strong>b)</strong></span> <span class='ocrx_word' id='word_1_312' title='bbox 765 3956 904 3994; x_wconf 74' lang='lat' dir='ltr'><strong>sortiturae.</strong></span> <span class='ocrx_word' id='word_1_313' title='bbox 945 3953 966 4004; x_wconf 90' lang='lat' dir='ltr'><strong>c)</strong></span> <span class='ocrx_word' id='word_1_314' title='bbox 979 3954 1097 3993; x_wconf 83' lang='lat' dir='ltr'><strong>decentel.</strong></span> <span class='ocrx_word' id='word_1_315' title='bbox 1142 3951 1165 4002; x_wconf 91' lang='lat' dir='ltr'><strong>d)</strong></span> <span class='ocrx_word' id='word_1_316' title='bbox 1174 3953 1337 3991; x_wconf 78' lang='lat' dir='ltr'><strong>consecraretur</strong></span> <span class='ocrx_word' id='word_1_317' title='bbox 1346 3952 1365 3990; x_wconf 74' lang='grc'><strong>2.</strong></span> <span class='ocrx_word' id='word_1_318' title='bbox 1376 3953 1396 3990; x_wconf 85' lang='lat' dir='ltr'><strong>a.</strong></span> 
     </span>
     <span class='ocr_line' id='line_1_43' title="bbox 266 4004 1396 4058; baseline -0.002 -14"><span class='ocrx_word' id='word_1_319' title='bbox 266 4016 277 4044; x_wconf 89' lang='lat' dir='ltr'><strong>e</strong></span> <span class='ocrx_word' id='word_1_320' title='bbox 297 4006 489 4058; x_wconf 75' lang='lat' dir='ltr'><strong>Mogoclensem13</strong></span> <span class='ocrx_word' id='word_1_321' title='bbox 503 4007 659 4054; x_wconf 77' lang='lat' dir='ltr'><strong>Mogotiensem</strong></span> <span class='ocrx_word' id='word_1_322' title='bbox 669 4008 688 4046; x_wconf 74' lang='grc'><strong>2.</strong></span> <span class='ocrx_word' id='word_1_323' title='bbox 775 4005 794 4058; x_wconf 75' lang='lat' dir='ltr'><strong>i)</strong></span> <span class='ocrx_word' id='word_1_324' title='bbox 808 4007 934 4056; x_wconf 80' lang='lat' dir='ltr'><strong>episcopum</strong></span> <span class='ocrx_word' id='word_1_325' title='bbox 947 4007 1017 4045; x_wconf 81' lang='lat' dir='ltr'><strong>eudem</strong></span> <span class='ocrx_word' id='word_1_326' title='bbox 1030 4015 1094 4043; x_wconf 76' lang='lat' dir='ltr'><strong>manu</strong></span> <span class='ocrx_word' id='word_1_327' title='bbox 1107 4015 1160 4043; x_wconf 76' lang='lat' dir='ltr'><strong>eim.</strong></span> <span class='ocrx_word' id='word_1_328' title='bbox 1175 4004 1362 4051; x_wconf 80' lang='lat' dir='ltr'><strong>arehiepiscopum</strong></span> <span class='ocrx_word' id='word_1_329' title='bbox 1377 4007 1396 4042; x_wconf 88' lang='lat' dir='ltr'><strong>l.</strong></span> 
     </span>
     <span class='ocr_line' id='line_1_44' title="bbox 266 4053 1396 4108; baseline -0.002 -12"><span class='ocrx_word' id='word_1_330' title='bbox 266 4057 290 4108; x_wconf 82' lang='lat' dir='ltr'><strong>g)</strong></span> <span class='ocrx_word' id='word_1_331' title='bbox 303 4055 446 4097; x_wconf 80' lang='lat' dir='ltr'><strong>Liudwerdus</strong></span> <span class='ocrx_word' id='word_1_332' title='bbox 460 4059 480 4096; x_wconf 82' lang='lat'><strong>3.</strong></span> <span class='ocrx_word' id='word_1_333' title='bbox 520 4057 544 4108; x_wconf 93' lang='lat' dir='ltr'><strong>h)</strong></span> <span class='ocrx_word' id='word_1_334' title='bbox 558 4058 693 4098; x_wconf 73' lang='lat' dir='ltr'><strong>Pedes-burn.</strong></span> <span class='ocrx_word' id='word_1_335' title='bbox 708 4059 727 4097; x_wconf 81' lang='grc'><strong>2.</strong></span> <span class='ocrx_word' id='word_1_336' title='bbox 767 4057 784 4108; x_wconf 85' lang='lat' dir='ltr'><strong>l)</strong></span> <span class='ocrx_word' id='word_1_337' title='bbox 797 4058 932 4106; x_wconf 78' lang='lat' dir='ltr'><strong>Magnntiam</strong></span> <span class='ocrx_word' id='word_1_338' title='bbox 945 4058 964 4096; x_wconf 78' lang='lat'><strong>2.</strong></span> <span class='ocrx_word' id='word_1_339' title='bbox 1006 4055 1206 4106; x_wconf 60' lang='lat' dir='ltr'><strong>munitiunculis.</strong></span> <span class='ocrx_word' id='word_1_340' title='bbox 1246 4053 1264 4104; x_wconf 89' lang='lat' dir='ltr'><strong>l)</strong></span> <span class='ocrx_word' id='word_1_341' title='bbox 1277 4055 1362 4102; x_wconf 77' lang='lat' dir='ltr'><strong>primus</strong></span> <span class='ocrx_word' id='word_1_342' title='bbox 1377 4058 1396 4094; x_wconf 85' lang='lat'><strong>1.</strong></span> 
     </span>
     <span class='ocr_line' id='line_1_45' title="bbox 265 4105 1356 4160; baseline -0.004 -12"><span class='ocrx_word' id='word_1_343' title='bbox 265 4107 495 4160; x_wconf 63' lang='lat' dir='ltr'><strong>matrimonialem</strong></span> <span class='ocrx_word' id='word_1_344' title='bbox 510 4112 530 4149; x_wconf 89' lang='lat'><strong>1.</strong></span> <span class='ocrx_word' id='word_1_345' title='bbox 581 4107 605 4160; x_wconf 90' lang='lat' dir='ltr'><strong>n)</strong></span> <span class='ocrx_word' id='word_1_346' title='bbox 618 4109 746 4158; x_wconf 79' lang='lat' dir='ltr'><strong>prudentiae</strong></span> <span class='ocrx_word' id='word_1_347' title='bbox 760 4110 779 4148; x_wconf 74' lang='grc'><strong>2.</strong></span> <span class='ocrx_word' id='word_1_348' title='bbox 794 4111 814 4149; x_wconf 84' lang='grc'><strong>3.</strong></span> <span class='ocrx_word' id='word_1_349' title='bbox 867 4107 1043 4160; x_wconf 83' lang='lat' dir='ltr'><strong>o)professlonis</strong></span> <span class='ocrx_word' id='word_1_350' title='bbox 1057 4109 1077 4147; x_wconf 84' lang='lat'><strong>3.</strong></span> <span class='ocrx_word' id='word_1_351' title='bbox 1129 4105 1153 4157; x_wconf 84' lang='lat' dir='ltr'><strong>p)</strong></span> <span class='ocrx_word' id='word_1_352' title='bbox 1166 4106 1324 4156; x_wconf 80' lang='lat' dir='ltr'><strong>professionem</strong></span> <span class='ocrx_word' id='word_1_353' title='bbox 1337 4106 1356 4144; x_wconf 83' lang='grc'><strong>3.</strong></span> 
     </span>
    </p>
   </div>
   <div class='ocr_carea' id='block_1_4' title="bbox 265 4183 1397 4454">
    <p class='ocr_par' dir='ltr' id='par_1_6' title="bbox 265 4183 1397 4454">
     <span class='ocr_line' id='line_1_46' title="bbox 266 4183 1397 4256; baseline -0.004 -16"><span class='ocrx_word' id='word_1_354' title='bbox 266 4185 293 4250; x_wconf 83' lang='grc'><strong>1)</strong></span> <span class='ocrx_word' id='word_1_355' title='bbox 317 4187 364 4241; x_wconf 84' lang='lat' dir='ltr'><strong>Ito</strong></span> <span class='ocrx_word' id='word_1_356' title='bbox 389 4187 516 4255; x_wconf 76' lang='lat' dir='ltr'><strong>Grepovii</strong></span> <span class='ocrx_word' id='word_1_357' title='bbox 540 4187 593 4241; x_wconf 91' lang='lat' dir='ltr'><strong>IV.</strong></span> <span class='ocrx_word' id='word_1_358' title='bbox 608 4186 795 4256; x_wconf 76' lang='lat' dir='ltr'><strong>privelepiam,</strong></span> <span class='ocrx_word' id='word_1_359' title='bbox 821 4187 1001 4254; x_wconf 74' lang='lat' dir='ltr'><strong>Lappcnberp</strong></span> <span class='ocrx_word' id='word_1_360' title='bbox 1020 4203 1050 4252; x_wconf 82' lang='lat' dir='ltr'><strong>p.</strong></span> <span class='ocrx_word' id='word_1_361' title='bbox 1069 4186 1110 4239; x_wconf 84' lang='lat'><strong>16.</strong></span> <span class='ocrx_word' id='word_1_362' title='bbox 1152 4183 1193 4251; x_wconf 74' lang='lat' dir='ltr'><strong>Cf.</strong></span> <span class='ocrx_word' id='word_1_363' title='bbox 1219 4184 1284 4250; x_wconf 86' lang='lat' dir='ltr'><strong>Kop</strong></span> <span class='ocrx_word' id='word_1_364' title='bbox 1304 4200 1397 4247; x_wconf 80' lang='lat' dir='ltr'><strong>mona,</strong></span> 
     </span>
     <span class='ocr_line' id='line_1_47' title="bbox 266 4252 1396 4322; baseline -0.003 -14"><span class='ocrx_word' id='word_1_365' title='bbox 266 4254 335 4308; x_wconf 82' lang='lat' dir='ltr'><strong>‘Dic</strong></span> <span class='ocrx_word' id='word_1_366' title='bbox 362 4255 473 4310; x_wconf 79' lang='lat' dir='ltr'><strong>diteslca</strong></span> <span class='ocrx_word' id='word_1_367' title='bbox 503 4256 663 4310; x_wconf 79' lang='lat' dir='ltr'><strong>Urhandcn’</strong></span> <span class='ocrx_word' id='word_1_368' title='bbox 679 4272 708 4322; x_wconf 82' lang='lat' dir='ltr'><strong>p.</strong></span> <span class='ocrx_word' id='word_1_369' title='bbox 728 4258 775 4320; x_wconf 88' lang='lat'><strong>13;</strong></span> <span class='ocrx_word' id='word_1_370' title='bbox 801 4256 888 4309; x_wconf 79' lang='lat' dir='ltr'><strong>chio</strong></span> <span class='ocrx_word' id='word_1_371' title='bbox 907 4257 937 4320; x_wconf 90' lang='lat' dir='ltr'><strong>I,</strong></span> <span class='ocrx_word' id='word_1_372' title='bbox 963 4255 1036 4308; x_wconf 76' lang='lat' dir='ltr'><strong>Ado.</strong></span> <span class='ocrx_word' id='word_1_373' title='bbox 1050 4270 1081 4321; x_wconf 82' lang='lat' dir='ltr'><strong>p.</strong></span> <span class='ocrx_word' id='word_1_374' title='bbox 1100 4255 1140 4308; x_wconf 80' lang='lat'><strong>15.</strong></span> <span class='ocrx_word' id='word_1_375' title='bbox 1216 4252 1242 4317; x_wconf 79' lang='grc'><strong>2)</strong></span> <span class='ocrx_word' id='word_1_376' title='bbox 1291 4268 1335 4318; x_wconf 80' lang='lat' dir='ltr'><strong>ap.</strong></span> <span class='ocrx_word' id='word_1_377' title='bbox 1354 4253 1396 4313; x_wconf 81' lang='lat'><strong>58,</strong></span> 
     </span>
     <span class='ocr_line' id='line_1_48' title="bbox 265 4322 1396 4391; baseline -0.002 -15"><span class='ocrx_word' id='word_1_378' title='bbox 265 4323 315 4377; x_wconf 82' lang='lat' dir='ltr'><strong>ubi</strong></span> <span class='ocrx_word' id='word_1_379' title='bbox 332 4325 441 4391; x_wconf 74' lang='lat' dir='ltr'><strong>lcpdor:</strong></span> <span class='ocrx_word' id='word_1_380' title='bbox 466 4324 612 4390; x_wconf 86' lang='lat' dir='ltr'><strong>promittat</strong></span> <span class='ocrx_word' id='word_1_381' title='bbox 636 4322 668 4376; x_wconf 93' lang='lat' dir='ltr'><strong>de</strong></span> <span class='ocrx_word' id='word_1_382' title='bbox 691 4323 844 4378; x_wconf 85' lang='lat' dir='ltr'><strong>stabilitate</strong></span> <span class='ocrx_word' id='word_1_383' title='bbox 862 4339 910 4376; x_wconf 89' lang='lat' dir='ltr'><strong>sua</strong></span> <span class='ocrx_word' id='word_1_384' title='bbox 928 4325 955 4376; x_wconf 86' lang='lat' dir='ltr'><strong>et</strong></span> <span class='ocrx_word' id='word_1_385' title='bbox 973 4322 1141 4376; x_wconf 79' lang='lat' dir='ltr'><strong>conversione</strong></span> <span class='ocrx_word' id='word_1_386' title='bbox 1158 4337 1261 4375; x_wconf 86' lang='lat' dir='ltr'><strong>morum</strong></span> <span class='ocrx_word' id='word_1_387' title='bbox 1280 4336 1396 4374; x_wconf 88' lang='lat' dir='ltr'><strong>suorum.</strong></span> 
     </span>
     <span class='ocr_line' id='line_1_49' title="bbox 266 4391 1096 4454; baseline -0.002 -8"><span class='ocrx_word' id='word_1_388' title='bbox 266 4391 320 4446; x_wconf 84' lang='lat' dir='ltr'><strong>Sed</strong></span> <span class='ocrx_word' id='word_1_389' title='bbox 337 4392 402 4446; x_wconf 78' lang='lat' dir='ltr'><strong>hoec</strong></span> <span class='ocrx_word' id='word_1_390' title='bbox 420 4395 541 4446; x_wconf 79' lang='lat' dir='ltr'><strong>consulto</strong></span> <span class='ocrx_word' id='word_1_391' title='bbox 558 4399 622 4446; x_wconf 76' lang='lat' dir='ltr'><strong>tunc</strong></span> <span class='ocrx_word' id='word_1_392' title='bbox 640 4399 746 4446; x_wconf 81' lang='lat' dir='ltr'><strong>mutate</strong></span> <span class='ocrx_word' id='word_1_393' title='bbox 764 4408 829 4454; x_wconf 82' lang='lat' dir='ltr'><strong>esse,</strong></span> <span class='ocrx_word' id='word_1_394' title='bbox 849 4399 937 4448; x_wconf 77' lang='lat' dir='ltr'><strong>censet</strong></span> <span class='ocrx_word' id='word_1_395' title='bbox 956 4393 1096 4446; x_wconf 77' lang='lat' dir='ltr'><strong>Matilica.</strong></span> 
     </span>
    </p>
   </div>
   <div class='ocr_carea' id='block_1_5' title="bbox 0 0 1582 5016">
    <p class='ocr_par' dir='ltr' id='par_1_7' title="bbox 0 0 1582 5016">
     <span class='ocr_line' id='line_1_50' title="bbox 0 0 1582 5016; baseline 0 1"><span class='ocrx_word' id='word_1_396' title='bbox 0 0 1582 5016; x_wconf 95' lang='lat' dir='ltr'><strong> </strong></span> 
     </span>
    </p>
   </div>
  </div>
 </body>
</html>
