3154 5016
444 419 531 476 VITA
550 417 726 474 ANSKARII
744 416 847 474 lucu.
865 415 1058 472 RIMBERTO.
1282 417 1316 472 57

184 579 243 642 pro
265 558 351 622 vitae
374 578 464 622 meae
486 557 706 640 redemptione
734 555 859 639 aliquid
880 555 934 619 hie
957 555 1093 621 daturus
1118 577 1203 634 sum,
1226 555 1314 637 quia,

187 645 215 708 si
237 644 395 708 Dominus
418 664 509 708 meus
531 645 578 707 ita
601 643 810 726 disposuerit,
838 663 898 725 pro
921 642 990 706 eius
1012 642 1140 706 nomine
1163 641 1237 704 hict
1259 662 1315 722 pa-

184 733 277 794 ratus
306 751 376 793 sum
404 735 436 794 et
462 734 625 794 tormenta
651 729 759 792 subire
786 733 818 792 et
844 734 978 793 mortem
1001 728 1090 812 pati'.
1136 725 1217 790 Cum
1240 747 1315 808 ergo

183 837 243 898 pro
270 815 331 880 hac
358 837 394 880 re
421 817 453 879 in
481 815 622 878 maxima
650 819 735 879 esset
757 815 881 897 positus
906 815 1082 892 anxietate,
1110 812 1240 877 tandem
1264 833 1316 876 ac-

188 907 281 985 cepto
305 901 439 966 consilio
460 921 569 984 regem
593 901 635 964 ad
658 896 751 964 suum'
774 901 920 965 invitavit
940 900 1125 983 hospitium.
1164 897 1224 962 Oui
1243 919 1317 962 con·

184 989 301 1051 vivium
322 987 510 1067 exhibensl,
534 986 621 1051 dona
638 1006 722 1068 quae
738 987 846 1068 potuit
864 985 982 1051 obtulit
1000 991 1031 1050 et
1048 984 1220 1068 legationis
1239 1005 1316 1048 suae

186 1073 340 1137 mandata
366 1073 486 1137 retulit.
531 1071 634 1136 Nam*
652 1077 685 1135 et
716 1077 812 1136 antea
837 1092 895 1154 per
917 1073 1049 1136 missum
1071 1071 1185 1135 Horici
1207 1076 1239 1134 et
1259 1091 1318 1153 per

186 1157 298 1223 fideles
328 1159 437 1223 domni
466 1158 621 1242 episcopi,
654 1159 710 1240 qui
739 1156 785 1222 ibi
813 1156 1000 1236 manebant,
1033 1178 1132 1222 11111
1161 1155 1317 1220 adventus

187 1246 288 1327 ipsius
317 1244 422 1309 eidem
451 1245 520 1328 regi
549 1243 744 1308 denunciata
772 1243 887 1308 luerat.
933 1244 1121 1308 Delectatus
1148 1244 1260 1325 itaque
1285 1249 1318 1306 et

186 1331 335 1395 caritatis
362 1331 431 1394 eius
457 1329 673 1394 benivolentia
701 1335 734 1394 et
758 1351 926 1394 munerum
954 1329 1097 1408 datione,
1128 1349 1162 1392 11
1188 1328 1317 1410 quidem

185 1437 269 1498 quae
287 1416 342 1480 ille
360 1421 565 1498 suggesserat
583 1421 750 1498 gratanter
763 1415 852 1494 velle,
872 1415 1048 1498 respondit.
1081 1414 1196 1478 ‘Antea
1208 1418 1317 1479 tamen

182 1501 259 1582 hic’,
287 1502 428 1584 inquit0,
456 1501 623 1566 ‘fuerunt‘1
649 1502 771 1581 clerici,
800 1502 854 1583 qui
876 1502 1026 1583 populari
1049 1501 1125 1564 hinc
1148 1499 1315 1580 seditione,

182 1608 247 1651 non
269 1589 360 1669 regio
382 1588 488 1667 iussu,
514 1588 607 1652 eiecti
631 1592 714 1651 sunt.
761 1587 965 1670 Quapropter
989 1593 1020 1651 et
1043 1608 1101 1670 ego
1123 1586 1207 1650 hanc
1229 1585 1316 1669 lega-

184 1675 304 1738 tionem
322 1678 462 1737 vestram
482 1671 672 1738 confirmare
690 1694 749 1737 111
766 1693 898 1754 possum
916 1693 974 1737 nec
993 1673 1106 1752 audeo,
1127 1673 1316 1756 priusquam

183 1759 326 1824 sortibus
354 1759 431 1823 deos
456 1764 584 1823 nostros
608 1759 774 1824 consulam
798 1763 830 1824 et
850 1759 962 1842 populi
985 1779 1113 1843 quoque
1137 1780 1233 1842 super
1254 1759 1316 1822 hoc

182 1845 382 1909 voluntatem
408 1845 612 1928 interrogem.
660 1844 709 1909 Sit
737 1845 854 1908 missus
881 1850 956 1908 tuus
983 1845 1016 1908 in
1043 1844 1163 1928 placito
1191 1865 1314 1908 mecum

181 1932 338 2014 proximo,
363 1936 395 1994 et
417 1951 476 2014 ego
498 1952 557 2014 pro
576 1936 608 1994 11
627 1931 744 2013 loquar
765 1931 895 2013 populo.
941 1930 1027 2010 Et**,
1051 1932 1078 1993 si
1101 1930 1230 2013 quidem
1254 1930 1315 1994 diis

182 2015 366 2080 fautoribus
398 2015 446 2081 illi
477 2022 553 2081 tuae
583 2017 804 2080 consenserint
833 2016 1005 2096 voluntati,
1042 2016 1129 2099 quod
1161 2017 1316 2098 quaesisti

182 2102 440 2185 prosperabitur.
486 2102 542 2166 Sin
566 2108 687 2182 autem,
717 2107 749 2166 et
774 2101 836 2166 hoc
862 2101 923 2166 tibi
945 2107 1056 2166 notum
1079 2101 1217 2168 faciam'.
1263 2101 1316 2167 Sic

183 2188 302 2270 quippe
326 2187 412 2270 apud
435 2208 489 2251 eos
512 2189 611 2252 moris
635 2193 693 2267 est,
719 2194 756 2251 ut
777 2186 1002 2270 quodcumque
1024 2189 1187 2270 negotium
1210 2187 1316 2270 publi-

184 2294 257 2337 cum
281 2274 385 2355 magis
408 2273 441 2336 in
462 2274 574 2356 populi
597 2274 762 2337 unanimie
780 2273 945 2337 voluntate
965 2295 1063 2355 quam
1082 2274 1115 2337 in
1132 2274 1223 2357 regia
1241 2294 1315 2338 con-

182 2359 265 2423 stetf
297 2363 466 2442 potestate.
515 2359 609 2423 Hocg
636 2380 711 2442 ergo
738 2365 850 2443 pastor
876 2363 987 2424 noster
1014 2359 1238 2424 devotissimus
1265 2381 1315 2426 re·

183 2465 303 2528 sponso
321 2446 407 2526 regis
422 2450 564 2528 accepto,
583 2450 688 2509 totum
705 2467 739 2511 se
753 2445 931 2511 convertith
946 2445 988 2509 ad
1000 2445 1131 2510 Domini
1145 2445 1315 2530 refugium,

182 2531 315 2594 ieiuniis
343 2535 375 2594 11
402 2531 603 2596 orationibus
627 2552 746 2596 vacans
769 2537 866 2613 atque
888 2532 921 2594 in
945 2531 1138 2595 contritione
1161 2537 1193 2596 et
1215 2531 1317 2597 affiic-

181 2617 271 2680 tione
295 2616 402 2681 cordis
426 2622 527 2681 semet
549 2618 654 2700 ipsum
677 2619 710 2681 in
733 2622 907 2700 conspectu
928 2615 989 2680 Dei
1011 2616 1195 2682 humilians.

269 2703 337 2769 27.1
390 2701 511 2766 Verum
538 2703 608 2786 ipso
634 2703 718 2767 inter
740 2703 800 2767 has
822 2723 1048 2786 pressurarum
1072 2703 1239 2784 angustias
1259 2724 1317 2786 po-

184 2789 258 2866 sito,
279 2808 351 2851 cum
370 2786 438 2851 dies
456 2787 568 2870 placiti
587 2789 870 2871 appropinquaret,
889 2787 1030 2870 quadam
1051 2787 1103 2852 die
1120 2789 1205 2852 inter
1223 2809 1317 2854 sacra

182 2875 353 2937 missarum
383 2873 565 2954 sollemnia,
599 2874 675 2938 dum
707 2874 858 2938 sacerdos
888 2874 986 2938 altari
1017 2880 1128 2938 111111
1159 2875 1316 2956 mysteria

182 2964 295 3024 sancta
321 2958 539 3037 benediceret,
566 2959 616 3022 illi
642 2961 675 3023 11
698 2965 820 3024 terram
841 2965 1007 3042 prostrato
1035 2959 1183 3024 caelestis
1214 2959 1316 3026 effusa

182 3050 231 3110 est
253 3045 432 3128 inspiratio.
474 3043 640 3127 Siquidem
664 3045 804 3128 Spiritus
827 3045 931 3110 sancti
955 3045 1038 3109 dono
1062 3045 1197 3110 interius
1219 3047 1315 3112 robo-

181 3137 273 3194 ratus
313 3135 346 3194 et
375 3128 496 3194 fiducia
531 3131 674 3195 maxima
704 3132 738 3195 in
767 3132 875 3195 animo
905 3131 1121 3211 confortatus,
1156 3133 1314 3214 cognovit,

181 3216 288 3280 omnia
312 3216 375 3280 sibi
396 3221 593 3300 proventura
614 3218 662 3281 uti
684 3217 787 3282 vellet.
825 3217 917 3282 Unde
940 3217 1043 3281 eidem
1067 3217 1229 3283 sacerdoti
1252 3219 1314 3283 sibi

180 3303 214 3365 in
245 3302 393 3366 omnibus
424 3301 678 3367 familiarissimo
708 3309 784 3387 post
815 3304 947 3368 missam
979 3302 1194 3383 denuntiavit,
1234 3305 1315 3369 nihil

181 3408 215 3451 11
237 3387 464 3470 trepidationis
486 3388 607 3453 habere
630 3389 756 3470 debere,
780 3390 858 3472 quia
881 3410 990 3454 secum
1012 3391 1119 3470 gratia
1137 3389 1197 3452 Dei
1218 3391 1313 3453 comi-

181 3478 314 3537 taretur.
353 3471 412 3536 Oui
437 3473 661 3556 interroganti,
685 3475 846 3557 quomodo
868 3474 932 3539 hoc
952 3475 1058 3554 sciret,
1082 3475 1233 3538 divinitus
1253 3476 1316 3540 sibi

180 3559 372 3640 inspiratum
391 3558 566 3640 respondit.
601 3560 703 3636 Quam
723 3561 839 3624 mentis
859 3560 928 3624 1111
947 3560 1197 3624 illustrationem
1214 3560 1316 3624 frater

181 3643 236 3707 ille
268 3644 347 3708 satis
377 3646 577 3724 recognovit,
614 3645 693 3726 quia
723 3645 835 3708 taliter
866 3665 939 3709 eum
969 3644 1122 3708 divinitus
1154 3646 1316 3710 consolari

181 3729 292 3793 multis
313 3734 388 3793 ante
406 3729 556 3812 probavit
572 3729 709 3794 indiciis.
746 3730 839 3794 Hanc
858 3751 934 3813 ergo
954 3731 1141 3794 1111111111
1162 3729 1314 3795 fiduciam

182 3817 292 3879 statim
314 3815 362 3879 rei
385 3813 587 3879 confirmavit
609 3820 751 3879 eventus.
788 3815 871 3880 Nam
893 3837 961 3896 rex,
985 3817 1188 3899 congregatis
1210 3817 1315 3900 primo

179 3901 382 3983 principibus
405 3902 482 3980 suis,
505 3900 545 3965 de
567 3900 629 3966 hac
650 3902 754 3984 patris
772 3902 875 3965 nostri
893 3901 1055 3984 legatione
1074 3924 1146 3967 11111
1167 3903 1213 3966 111
1231 3908 1316 3966 1111-

180 3989 251 4049 tare
272 3987 385 4068 coepit.
425 3986 486 4062 Qui
504 3987 646 4052 sortibus
664 3986 884 4070 quaerendum
903 3992 1097 4070 statuerunt,
1118 4009 1201 4071 quae
1220 4009 1316 4071 super

239 4149 262 4210 *J
287 4147 358 4202 Nam
376 4176 410 4186 -
431 4179 462 4187 -
480 4149 570 4206 fuerat
588 4153 642 4208 des.
660 4153 695 4207 B.

224 4216 263 4282 **)
284 4217 369 4271 Et-
389 4218 537 4273 -faciam
556 4222 611 4277 des.
630 4223 666 4276 B.

182 4359 673 4410 11111111111111111111111111.
740 4365 765 4414 b)
779 4365 837 4404 111111.
853 4366 872 4404 2.
939 4365 960 4414 1)
974 4365 1064 4412 inquam
1078 4367 1097 4404 1.
1162 4365 1184 4416 d)
1198 4366 1312 4406 11111112.

180 4411 203 4460 1)
219 4415 322 4453 unanima
336 4415 398 4453 3.-Β.
464 4413 484 4463 f)
497 4418 581 4454 constat
594 4427 647 4454 corr.
662 4420 747 4456 constet
761 4419 783 4461 ις
798 4417 903 4456 consistat
917 4419 937 4457 8.
952 4417 978 4457 Β.
1047 4415 1070 4465 ς)
1083 4429 1102 4457 e.
1116 4417 1149 4458 58.
1164 4419 1205 4456 inc.
1222 4417 1312 4456 6111111.

181 4461 205 4513 11)
219 4465 247 4503 sd
260 4466 288 4504 D.
304 4477 323 4506 c.
338 4477 357 4506 r.
372 4467 391 4504 3,
406 4465 434 4502 B.
485 4463 504 4515 i)
518 4465 551 4504 25.
565 4468 595 4515 135
609 4465 717 4519 (cmm
