3154 5016
447 389 533 446 VITA
552 389 727 444 ANSKARII
745 388 847 445 AUCT.
864 389 1056 444 RIMBERTC.
1147 452 1151 462 ,
1281 391 1314 448 77

191 546 373 628 feretroque
407 544 573 628 imposito,
612 565 685 608 cum
722 543 765 608 ad
799 544 966 609 ecclesiam
1002 544 1195 624 deferretur,
1233 543 1314 608 illud
1328 560 1395 610 865.

192 634 313 697 sanctii
333 631 487 695 Martinil
509 631 641 694 iterarib
660 631 763 694 visum
781 636 842 695 est:
865 632 974 716 luctus
996 630 1145 696 videlicet
1162 631 1312 711 omnium,

192 721 298 783 etvox
311 739 375 782 una
387 717 616 800 plangentium,
631 718 769 780 maxime
782 722 890 780 tamen
904 718 1102 798 clericorum,
1118 716 1313 796 orfanorum,

190 804 369 884 viduarum,
391 803 588 886 pupillorum
611 809 643 867 et
664 802 884 885 indigentium.

276 891 327 954 42.
365 888 516 965 Quamvis
540 889 623 954 enim
647 889 685 952 de
708 889 795 952 illius
818 888 922 953 salute
944 909 1008 952 non
1028 889 1071 952 sit
1091 888 1314 968 dubitandum,

192 977 263 1058 quis
293 973 442 1063 [tamem]
475 975 699 1058 religiosorum
733 980 790 1038 aut
819 973 962 1038 fidelium
994 995 1027 1038 se
1056 975 1158 1038 iusted
1189 995 1209 1038 a
1236 974 1314 1039 fletu

192 1063 354 1126 continere
382 1061 515 1144 poterit,
546 1082 617 1125 cum
644 1060 699 1124 ille
720 1082 778 1124 nos
802 1059 963 1126 desolatos
986 1060 1166 1142 reliquerit,
1195 1061 1229 1124 in
1251 1082 1314 1144 quo

192 1148 261 1212 solo
284 1169 365 1230 pene
389 1148 530 1212 omnium
553 1147 757 1229 antiquorum
777 1145 928 1229 vigebant
947 1147 1091 1230 exempla
1109 1149 1314 1211 sanctorum?

192 1233 356 1317 Siquidem
374 1231 448 1383 qpt0]
468 1233 509 1298 ab
528 1234 598 1316 ipso
618 1233 727 1297 statim
745 1233 935 1297 electorumf
955 1233 1095 1296 omnium
1114 1233 1219 1316 capite
1236 1233 1315 1297 inci-

191 1321 328 1402 piamus,
352 1319 376 1384 C
400 1320 516 1384 ristum
537 1321 607 1402 ipse
626 1320 719 1402 inops
738 1321 886 1402 inopemg
906 1323 1043 1399 secutus,
1068 1341 1139 1382 cum
1160 1319 1314 1400 apostolis

192 1407 300 1470 omnia
313 1405 515 1489 dereliquith,
531 1411 563 1469 et
581 1427 653 1469 cum
671 1410 782 1469 sancto
800 1403 942 1469 Iohanne
962 1404 1103 1487 baptista
1118 1406 1315 1488 primaevum

191 1496 316 1575 tempus
344 1512 364 1556 a
390 1491 559 1556 turbarum
582 1490 763 1573 frequentia
784 1496 943 1555 remotum
966 1491 1099 1570 ducens,
1127 1491 1314 1555 monasterii

192 1577 397 1642 solitudinem
420 1578 579 1661 expetivit.
624 1577 689 1642 Ubi
711 1598 782 1640 cum
804 1579 959 1659 temporis
978 1598 1132 1659 processu
1152 1575 1314 1640 cotidiano

190 1663 338 1746 profectu
367 1664 559 1728 excrevisset
587 1668 619 1727 et
647 1663 687 1726 de
719 1663 836 1726 virtute
863 1663 897 1727 in
923 1663 1073 1728 virtutem
1100 1663 1224 1742 ivisset,
1258 1683 1314 1726 vas

192 1750 357 1814 electionis
380 1749 421 1813 ad
443 1748 637 1833 portandum
659 1749 780 1813 Christi
801 1769 917 1813 nomen
940 1770 1049 1813 coram
1071 1749 1220 1830 gentibus
1243 1769 1314 1812 cum

191 1834 287 1900 beato
306 1834 452 1918 apostolo
470 1833 585 1900 Pauloi
612 1835 794 1918 deputatus,
815 1834 1050 1917 pascendarum
1070 1833 1189 1899 Christi
1208 1835 1314 1897 ovium

192 1921 396 2002 postmodum
426 1942 535 1985 curam
567 1941 638 1984 cum
668 1922 810 2005 principe
838 1922 1059 2003 apostolorum
1082 1920 1178 1984 Petro
1208 1941 1314 1984 susce-

191 2009 247 2090 pit.
291 2007 336 2071 'In
366 2028 429 2090 quo
459 2007 613 2090 regimine
642 2006 768 2090 qualem
798 2027 831 2071 se
859 2014 1076 2088 quantumque
1103 2006 1313 2086 exhibueritk,

190 2093 252 2157 hoc
266 2090 354 2180 [veh]
368 2093 507 2157 maxime
518 2092 657 2176 probare
665 2093 800 2173 videtur,
815 2092 902 2174 quod
914 2092 999 2157 inter
1012 2091 1136 2156 caelum
1151 2098 1181 2156 et
1194 2098 1315 2156 terram

191 2179 330 2260 medius,
360 2179 444 2242 inter
465 2179 570 2242 Deum
600 2184 633 2243 et
660 2180 842 2260 proximum
871 2183 1047 2260 sequester,
1078 2199 1161 2242 nunc
1188 2177 1314 2242 divinae

191 2265 306 2329 visioni
329 2270 361 2329 et
383 2265 576 2330 caelestibus
599 2263 847 2329 revelationibus
869 2265 1034 2343 intererat,
1062 2285 1145 2328 nunc
1167 2265 1313 2328 commis-

193 2371 301 2414 sorum
330 2350 393 2415 sibi
422 2356 513 2414 actus
543 2356 575 2415 et
602 2351 700 2414 vitam
727 2349 932 2432 disponebat,
962 2349 1004 2414 ad
1030 2371 1110 2432 quas
1137 2351 1260 2414 activae
1283 2356 1315 2414 et

192 2436 457 2519 contemplativae
479 2437 577 2501 vitae¹
594 2437 737 2520 geminas
756 2437 825 2500 alas
843 2437 916 2502 ideo
935 2437 1003 2519 ipse
1026 2435 1215 2517 sufficiebat,
1237 2437 1314 2519 quia

192 2543 264 2586 cum
290 2522 516 2587 mundicordes
543 2522 604 2586 soli
629 2523 721 2587 iuxta
744 2522 983 2606 euangeliorum
1004 2521 1099 2586 fidem
1120 2522 1224 2586 Deum
1248 2543 1314 2586 cre-

191 2607 309 2673 dantur
330 2609 439 2688 visuri,
462 2609 531 2692 ipse
552 2611 640 2692 virgo
664 2608 705 2673 ab
729 2629 766 2673 eo
787 2609 916 2689 electus,
941 2629 1013 2672 cum
1033 2614 1143 2672 sancto
1166 2609 1314 2691 apostolo

192 2699 225 2758 et
247 2694 445 2778 euangelista
467 2692 609 2758 Iohanne
633 2700 665 2758 et
685 2700 792 2758 mente
815 2698 847 2758 et
868 2715 1001 2778 corpore
1022 2695 1112 2776 virgo
1141 2695 1174 2756 in
1201 2714 1313 2757 aevum

190 2781 375 2863 permansit.
425 2779 469 2842 Et
488 2785 582 2844 tanta
603 2782 734 2861 insuper
756 2779 798 2843 ad
821 2785 952 2844 cunctos
975 2781 1111 2844 caritate
1132 2779 1313 2859 tenebatur,

191 2872 228 2929 ut
259 2888 331 2931 cum
361 2866 458 2930 beato
489 2871 726 2948 protomartyre
755 2865 917 2949 Stephano
947 2867 1042 2929 etiam
1071 2876 1157 2948 prom
1175 2866 1314 2929 inimicis

192 2957 309 3018 oraret
364 2951 391 3015 Ο
418 2972 492 3015 vere
517 2951 650 3015 beatum
677 2957 709 3015 et
736 2954 821 3014 omni
843 2950 949 3014 laudis
972 2951 1144 3032 praeconio
1167 2951 1316 3033 dignissi-

191 3058 277 3102 mum
296 3038 408 3118 virum,
432 3058 527 3120 quem
544 3036 656 3122 talesss,
668 3058 706 3101 ac
723 3041 832 3101 tantos
854 3038 985 3117 imitari,
1008 3057 1103 3119 quem
1122 3036 1225 3101 solum
1245 3036 1314 3120 plu-

190 3124 345 3188 rimorum
367 3129 417 3188 tot
439 3122 534 3186 simul
555 3122 676 3187 habere
697 3123 832 3187 virtutes
855 3124 998 3205 contigit,
1022 3124 1077 3206 qui
1097 3128 1203 3188 mente
1224 3143 1315 3188 sauc-

190 3214 243 3273 tus
272 3216 305 3274 et
332 3230 467 3293 corpore
496 3214 604 3273 castus
634 3230 706 3272 cum
733 3209 910 3292 virginibus
933 3231 1064 3293 agnum,
1095 3221 1314 3292 quocumque⁰

190 3295 278 3375 ierit,
315 3300 481 3378 sequetur,
517 3296 573 3377 qui
608 3317 732 3378 semper
762 3296 795 3359 in
827 3295 1026 3360 confessione
1058 3295 1177 3359 Christi
1207 3299 1315 3379 perse-

190 3401 313 3461 verans,
336 3381 511 3465 gloriosum
535 3380 708 3445 admodum
730 3383 814 3445 iuter
833 3381 1028 3446 confessores
1045 3380 1152 3445 locum
1170 3380 1313 3462 habebit,

190 3468 247 3547 qui
275 3467 308 3529 in
338 3465 467 3530 sublimi
495 3465 552 3529 illa
582 3487 654 3529 cum
683 3467 838 3548 apostolis
864 3467 1006 3532 iudicum
1034 3466 1108 3530 sede
1130 3468 1163 3529 iu
1184 3488 1314 3548 regene-

190 3553 316 3615 ratione
339 3562 520 3630 sessurusp,
541 3550 694 3614 mundum
717 3557 800 3631 estu,
831 3574 925 3635 quem
953 3557 1201 3634 contempserat,
1232 3551 1314 3615 iudi-

191 3642 323 3701 caturus
360 3643 392 3702 et
425 3657 497 3700 cum
528 3637 724 3720 martyribus
755 3638 898 3702 iustitiae
930 3659 1082 3703 coronam
1113 3644 1145 3702 et
1175 3638 1315 3720 palmam

190 3724 338 3806 martyrii
369 3721 447 3787 sibir
480 3721 631 3786 divinitus
663 3723 890 3807 repromissam
917 3724 1157 3808 percepturum!
1213 3724 1315 3788 Namt

190 3893 212 3946 a)
226 3905 243 3934 e.
258 3896 288 3934 M.
302 3895 345 3936 der.
360 3898 380 3936 2.
394 3897 411 3935 3.
467 3893 692 3946 h)1nteraria.e(in
705 3906 770 3944 morp.
785 3907 838 3934 corr.
852 3907 916 3935 manu
929 3894 1126 3946 arrianorum).
1178 3893 1199 3946 c)
1212 3898 1234 3934 in
1248 3907 1313 3946 morp.

190 3948 259 3996 suppl.
275 3950 297 3994 13
310 3949 396 3988 deecit.
486 3944 509 3996 d)
522 3947 576 3986 lusti
589 3948 608 3986 2.
623 3947 642 3985 3.
728 3945 750 3998 e)
763 3947 819 3986 deest
832 3951 851 3987 1.
936 3947 1081 3998 Oelectorem
1095 3959 1147 3987 corr.
1162 3948 1279 3986 electorum
1293 3953 1312 3987 1.

208 4002 262 4044 >est
274 4009 338 4038 manu
350 3999 450 4038 axvn.
461 4010 564 4048 uipereor.
574 3999 595 4037 8.
630 3997 655 4049 h)
669 3997 798 4046 derelinquit
811 4001 829 4038 2.
845 3999 864 4038 8.
900 3999 916 4044 1)
929 4000 953 4037 in
965 4010 1029 4048 morp.
1044 4001 1114 4049 suppl.
1130 4002 1149 4037 1.
1185 3997 1210 4049 k)
1223 3999 1279 4038 exib.
1293 4001 1312 4038 2.

190 4051 198 4087 l
221 4049 277 4088 deeei
285 4050 305 4089 3.
357 4049 388 4100 m)
401 4061 439 4099 pro
452 4051 483 4090 in,
497 4051 540 4089 der.
550 4051 592 4090 2.ss
606 4048 651 4100 (uti
664 4061 727 4088 maan
742 4051 840 4090 aXVIi.
846 4053 895 4099 poet
908 4055 978 4091 oraret
991 4050 1041 4089 aad.
1051 4061 1090 4100 pro
1104 4051 1152 4089 euie
1165 4050 1314 4098 peccatoribus

191 4100 374 4152 [persecutoribus
388 4100 439 4152 L.]).
488 4101 511 4154 n)
524 4103 591 4140 telem
604 4111 629 4140 ec
642 4105 727 4141 tentum
740 4102 761 4141 2.
776 4103 795 4141 3.
835 4102 973 4193 ppquodch.
1011 4101 1312 4152 marmorearum.

190 4152 287 4255 qicNudd.
302 4153 394 4244 &etdqia
407 4155 432 4192 L.
472 4152 731 4204 (1)(1111111311111111.
771 4152 823 4205 1)1.
853 4164 930 4204 .repr.
944 4155 987 4194 dee.
1002 4155 1053 4195 13.
1094 4151 1114 4203 e)
1127 4153 1245 4203 adepturus
1258 4155 1277 4195 2.
1292 4156 1312 4194 t.

190 4209 198 4242 t
241 4215 276 4244 nm
289 4215 337 4244 cnm
376 4217 394 4245 e.
408 4206 427 4246 2.
441 4206 461 4244 3.

191 4359 216 4424 1)
244 4358 369 4414 Omnium
395 4359 480 4412 vitam
506 4362 656 4415 sanctorum
684 4361 786 4415 imitari
813 4361 928 4424 studuit,
957 4360 1097 4428 specialius
1124 4363 1215 4413 tamen
1239 4360 1314 4414 beati

190 4427 302 4482 Martini
320 4446 341 4483 c.
360 4430 400 4485 35.
437 4427 478 4493 Cf.
496 4429 610 4495 Suipo'iii
626 4431 718 4485 Seueri
734 4433 810 4497 epist.
827 4432 851 4485 3.
870 4431 908 4484 od
923 4431 1083 4485 Baeculam.
