3154 5016
442 371 529 428 VITA
547 371 724 428 ANSKARII
741 371 844 428 lucr.
863 374 1057 430 RIMBERTD.
1283 379 1317 432 63

187 527 315 593 devotio
337 533 545 611 augmentum
568 528 618 592 sui
641 528 682 593 ab
706 549 744 593 eo
766 534 911 612 tempore
933 528 1001 593 sine
1021 528 1118 592 ullius
1136 529 1317 595 contradic·

185 614 273 678 tione
296 615 402 698 coepit
423 613 553 679 habere.

273 702 348 766 31.⁸
396 699 484 765 inter
510 701 591 764 haec
616 720 692 764 vero
715 699 822 764 divino
845 700 980 782 contigit
1001 699 1136 780 iudicio,
1164 705 1201 764 ut
1222 723 1317 786 pyra-

185 791 294 850 tarum
316 785 524 850 inlestatione
546 791 742 849 memoratus
760 785 922 850 Horicusb
939 806 1005 864 rex,
1029 786 1223 868 quibusdam
1240 809 1315 870 pro·
1329 805 1397 854 854.

185 872 314 954 pinquis
343 873 412 936 eius
440 892 574 952 regnum
602 871 704 953 ipsius
733 871 884 935 invadere
915 871 1121 952 conantibus,
1153 872 1238 936 bello
1268 874 1317 937 in-

184 963 362 1039 teremptus
379 959 430 1021 sit.
464 957 544 1021 Cum
562 977 625 1039 quo
641 957 767 1039 pariter
785 978 895 1021 omnes
912 958 1070 1039 primores
1091 963 1199 1022 terrae
1217 959 1315 1040 illius,

186 1043 242 1124 qui
273 1042 350 1105 olim
379 1042 496 1107 domno
526 1045 676 1125 episcopo
706 1042 883 1107 familiares
913 1048 945 1106 et
976 1043 1072 1106 amici
1101 1043 1316 1124 habebantur,

186 1127 294 1210 gladio
317 1129 518 1193 interierunt.
556 1127 678 1193 Deinde
700 1128 877 1211 posthaec
900 1129 1075 1193 constituto
1098 1129 1132 1192 in
1153 1151 1251 1213 regno
1270 1132 1316 1213 ip-

186 1215 253 1278 sius
275 1213 416 1278 Horico⁰
441 1215 583 1294 iuniore,
606 1214 738 1297 quidam
763 1235 873 1278 eorum
896 1235 977 1296 quos
1000 1214 1054 1278 ille
1076 1221 1153 1279 tunc
1174 1215 1319 1281 habebat

185 1301 363 1383 principes,
392 1305 425 1364 et
450 1303 556 1364 minus
584 1307 681 1364 antea
705 1298 823 1363 domno
854 1301 974 1382 cogniti
1000 1300 1129 1365 fuerant
1155 1303 1317 1385 episcopo,

185 1385 380 1467 persuadere
407 1387 436 1450 ei
463 1391 650 1469 coeperunt,
679 1391 717 1449 ut
739 1386 876 1450 ecclesia
898 1385 985 1468 apud
1007 1407 1062 1450 eos
1084 1385 1172 1451 lacta
1194 1387 1318 1452 destru-

186 1475 309 1551 eretur,
338 1476 371 1535 et
392 1472 506 1554 religio
530 1472 776 1536 christianitatis
799 1471 845 1536 ibi
869 1477 983 1554 coepta
1005 1472 1243 1554 annullaretur,
1270 1475 1317 1537 di-

186 1562 308 1634 centes,
336 1557 415 1621 deos
444 1579 520 1622 suos
548 1558 610 1622 sibi
636 1559 739 1621 iratos
766 1577 849 1636 esse,
878 1562 911 1620 et
938 1557 1025 1640 quod
1051 1557 1124 1621 ideo
1147 1564 1239 1623 tanta
1262 1580 1317 1624 eos

186 1642 274 1706 mala
296 1643 484 1723 invenerint,
508 1645 586 1726 quia
605 1643 740 1707 alterius
760 1649 792 1707 et
809 1643 911 1725 ignoti
930 1642 981 1707 dei
1000 1643 1086 1726 apud
1106 1665 1139 1707 se
1158 1645 1317 1710 culturam

185 1731 374 1810 receperint
422 1730 492 1805 Qua
515 1729 554 1792 de
577 1750 613 1794 re
636 1749 742 1793 comes
764 1729 905 1811 praefati
926 1729 1002 1809 vici,
1027 1729 1212 1794 Sliaswichd
1231 1731 1318 1796 vide-

186 1814 274 1894 licet,
302 1815 432 1879 nomine
455 1815 572 1894 Hovir,
600 1815 656 1897 qui
681 1814 758 1878 huic
779 1815 927 1896 religioni
948 1816 1122 1898 praecipue
1144 1817 1319 1881 resistebat

187 1905 220 1964 et
248 1899 291 1963 ad
320 1900 547 1965 destruendam
577 1899 825 1964 christianitatis
852 1899 948 1965 fidem
974 1922 1083 1983 regem
1109 1903 1317 1984 provocabat,

187 1985 354 2050 ecclesiam
381 1986 428 2050 ibi
452 1986 574 2050 laetam
600 1987 696 2049 iussit
723 1985 830 2050 claudi
855 1987 1106 2069 religionemque
1135 1988 1318 2053 christiani-

186 2071 264 2134 tatis
286 2071 407 2135 ibidem
428 2072 597 2155 prohibuit
620 2071 794 2136 observari.
838 2071 930 2136 Unde
954 2078 986 2136 et
1002 2072 1171 2155 presbiter,
1194 2075 1249 2156 qui
1272 2074 1318 2138 ibi

186 2157 310 2237 aderat,
331 2159 565 2240 persecutionis
588 2156 766 2222 acerbitate
788 2158 981 2240 compulsus,
1004 2157 1078 2222 inde
1099 2161 1242 2223 recessit.

272 2244 343 2308 32.f
385 2242 448 2307 Pro
471 2244 533 2308 hac
552 2244 662 2326 itaque
680 2265 716 2306 re
735 2243 871 2307 domnus
891 2245 1059 2326 episcopus
1077 2245 1211 2309 nimium
1230 2246 1318 2309 solli-

187 2328 270 2392 citus
298 2333 330 2392 et
356 2328 530 2392 admodum
557 2329 660 2392 tristis
688 2327 821 2392 effectus
848 2329 968 2410 luerat,
996 2331 1219 2412 quianullum
1242 2337 1319 2397 tunc

187 2434 259 2477 cum
283 2412 403 2478 Horico
426 2415 552 2478 iuniore
575 2414 614 2478 de
638 2415 750 2478 amicis
772 2415 928 2492 habebat,
953 2436 1033 2497 quos
1056 2422 1153 2480 antea
1175 2418 1319 2499 largissi-

188 2499 248 2562 mis
276 2499 506 2565 donationibus
534 2499 597 2564 sibi
621 2500 798 2564 familiares
822 2501 1034 2584 adquisierat,
1062 2523 1120 2583 per
1142 2523 1223 2585 quos
1246 2525 1316 2567 eum

187 2583 228 2648 ad
246 2584 376 2649 Domini
394 2587 593 2651 voluntatem
615 2586 788 2650 concihare
804 2592 923 2669 posset.
960 2586 1062 2666 Unde,
1081 2589 1158 2670 quia
1176 2588 1317 2652 humano

186 2669 360 2735 destitutus
383 2671 498 2752 fuerat,
522 2671 565 2736 ad
586 2671 728 2736 divinum
747 2672 842 2736 solito
861 2693 951 2736 more
969 2675 1133 2737 concurrit
1150 2674 1315 2738 auxilium.

186 2754 253 2820 Nec
276 2777 349 2839 spes
372 2769 466 2821 eumg
490 2778 550 2822 sua
572 2756 696 2821 fefellit.
735 2756 927 2822 Consolatus
951 2764 1000 2822 est
1022 2759 1140 2841 quippe
1163 2780 1234 2822 eum
1252 2759 1317 2822 Do-

185 2842 291 2904 minus
314 2842 452 2924 spiritali
474 2845 508 2906 in
531 2843 639 2907 animo
662 2843 892 2923 consolatione,
916 2849 948 2907 et
970 2850 1077 2908 certus
1101 2845 1229 2908 omnino
1250 2845 1317 2908 lac-

185 2931 239 2990 tus
262 2933 320 3008 est,
343 2929 430 3010 quod
451 2929 664 3008 nullomodo,
689 2935 725 2992 ut
742 2927 852 2992 hostes
872 2928 992 2993 Christi
1010 2929 1279 2994 machinabantur
1291 2933 1316 3013 ¹¹,

185 3012 299 3095 religio
322 3013 369 3078 ibi
392 3021 506 3097 coepta
528 3014 698 3097 deperiret.
736 3013 828 3090 Quod
850 3015 898 3079 ita
917 3015 1055 3080 Domino
1076 3022 1235 3080 annuente
1253 3039 1318 3082 non

186 3099 286 3162 multo
315 3105 390 3182 post
419 3099 563 3182 contigit.
614 3099 697 3164 Nam
727 3122 800 3164 cum
829 3123 887 3183 pro
918 3100 980 3165 hac
1009 3101 1121 3166 eadem
1149 3123 1248 3167 causa
1275 3103 1317 3167 ad

184 3184 385 3266 praedictum
403 3207 511 3268 regem
528 3187 577 3250 ire
598 3186 792 3269 disponeret,
810 3186 941 3250 Domini
958 3189 1183 3270 praeveniente
1200 3191 1316 3271 gratia,

184 3269 269 3334 idem
291 3291 359 3350 rex,
383 3273 516 3354 expulso
539 3273 630 3355 prius
653 3271 693 3336 de
714 3273 784 3337 vico
802 3280 981 3337 memorato
1000 3275 1064 3337 iam
1083 3273 1169 3338 dicto
1189 3276 1315 3354 comite,

185 3355 233 3418 ita
254 3361 291 3420 ut
312 3360 503 3439 1111111111]ι
526 3363 641 3441 postea
661 3359 695 3421 in
718 3359 787 3422 eius
808 3361 949 3440 gratiam
970 3359 1078 3423 redire
1097 3361 1251 3442 potuerit,
1275 3360 1317 3424 ad

186 3439 337 3505 domnum
365 3444 550 3526 episcopum
577 3465 670 3507 suum
696 3444 798 3526 gratis
826 3443 945 3508 direxit
965 3445 1120 3528 legatum,
1149 3445 1317 3526 mandans,

185 3531 223 3589 ut
245 3527 446 3591 sacerdotem
468 3550 561 3592 suum
585 3528 627 3592 ad
650 3530 816 3612 propriam
837 3530 1018 3595 remitteret
1039 3530 1222 3610 ecclesiam3
1252 3551 1317 3594 non

186 3632 219 3675 se
242 3613 347 3676 minus
369 3633 467 3695 quam
490 3615 649 3678 seniorem
670 3613 826 3678 Horicum
847 3614 966 3679 Christi
988 3614 1069 3680 velle
1086 3617 1225 3697 gratiam
1242 3637 1317 3699 pro-

185 3697 303 3761 mereri
324 3719 470 3762 asserens
489 3699 663 3782 domnique
682 3701 823 3783 episcopi
841 3701 1017 3765 amicitiam
1039 3699 1194 3767 obtinere.
1227 3700 1317 3778 Quot

184 3782 281 3863 lactc,
297 3781 386 3848 *cum
403 3783 472 3867 ipse
486 3805 614 3866 quoque
631 3785 910 3850 reverentissimus
923 3791 1036 3869 pastor
1050 3792 1160 3850 noster
1177 3786 1218 3851 ad
1233 3787 1316 3852 eius·
1331 3805 1421 3856 *aua

185 3868 257 3933 dem
276 3871 361 3952 regis
378 3871 597 3953 praesentiam
615 3891 687 3936 cum
706 3871 870 3935 adiutorio
889 3871 1086 3954 Burghardi¹
1105 3872 1316 3938 illustrissimi

186 3955 311 4018 comitis
337 3957 491 4034 venisset,
524 3957 581 4040 qui
612 3957 710 4022 etiam
737 3961 833 4020 antea
862 3957 948 4039 apud
974 3956 1130 4023 Horicum
1157 3960 1316 4023 seniorem

186 4038 315 4104 adiutor
338 4042 386 4107 illi
408 4043 442 4106 in
465 4043 613 4107 omnibus
632 4042 739 4107 fuerat
761 4048 794 4107 et
812 4042 898 4124 apud
915 4065 1024 4126 regem
1042 4049 1216 4126 utrumqne
1234 4045 1316 4108 bene

184 4131 324 4207 poterat,
344 4129 422 4209 quia
440 4128 639 4211 propinquus
658 4129 803 4212 ipsorum
822 4134 902 4209 erat,
921 4134 1012 4194 tanta
1030 4131 1136 4211 gratia
1154 4151 1174 4194 a
1191 4130 1316 4194 iuniore

186 4260 404 4314 a)19(1›r028)s;
424 4263 536 4314 (wiltz
557 4269 588 4307 ll.
613 4267 704 4306 samaa
788 4265 926 4356 bplliericus
945 4269 998 4307 Ba.
1077 4265 1203 4317 e)H0rrlc0
1224 4267 1244 4306 h.
1260 4269 1275 4306 l.
1295 4269 1315 4308 2.

186 4313 209 4363 d)
224 4313 474 4364 Slaawlh23801etwlh
489 4317 707 4366 8381l0swlchB2.
768 4317 789 4368 e)
825 4329 860 4356 om
874 4320 927 4358 Ba.
995 4319 1213 4368 111111μὰ111.
1229 4317 1316 4370 mlta)

185 4363 396 4415 armazanazas
450 4366 543 4419 g)en1m
557 4371 577 4410 2.
629 4369 654 4420 h)
667 4369 843 4408 machinarentur
855 4371 875 4407 2.
923 4369 941 4420 l)
953 4379 1115 4417 nonnumquam
1128 4371 1148 4410 2.
1203 4369 1228 4421 k)
1241 4381 1317 4411 acuum

186 4427 233 4465 cap.
246 4415 289 4468 (74)
302 4419 346 4457 inc.
361 4416 417 4468 2²³3
432 4419 464 4459 la.
479 4419 571 4460 Guoldo.
623 4419 640 4471 l)
654 4419 804 4460 Burchardls.
814 4421 838 4468 ³3
851 4421 959 4468 Burgard.
975 4421 1066 4461 Gaaldc.
