3154 5016
442 359 529 416 VITA
548 358 721 413 ANSKARII
740 357 842 413 Andr.
861 357 1053 414 RIMBERTO.
1276 361 1310 415 45
1351 377 1354 385 ·

185 513 295 578 sedule
328 513 369 578 ab
403 535 440 578 eo
473 515 650 597 exquirens.
709 512 845 577 *Verum
866 513 951 577 inter
978 511 1060 576 haec
1087 512 1243 595 languore
1276 534 1309 578 se
1323 531 1412 582 *ro-ros.

184 607 457 683 praeoccupante,
486 601 592 682 coepit
618 598 783 664 infirmari.
833 598 876 662 Et
900 600 968 662 ital
995 598 1135 663 sollicita
1158 599 1197 662 de
1221 600 1312 665 obitu

185 706 258 766 suc,
296 693 506 751 memoratum
536 686 577 750 ad
608 707 642 750 se
669 685 820 750 accersiri
847 685 924 748 fecit
944 685 1170 767 presbiterum,
1202 690 1234 749 et
1260 707 1312 751 ao-

187 778 280 854 oepto
304 771 343 836 de
365 794 462 836 manu
485 773 553 836 eius
577 777 688 853 optato
710 773 837 850 viatico,
861 772 997 835 feliciter
1019 772 1168 854 migravit
1188 771 1229 834 ad
1247 772 1312 836 Do-

185 859 316 922 minum.
363 857 459 940 Ipsab
485 878 560 922 vero
584 859 764 922 elemosinis
787 878 912 940 semper
933 858 1066 936 intenta,
1091 858 1167 940 quia
1188 858 1222 921 in
1242 879 1311 922 sae-

186 945 250 1008 culi
272 965 400 1027 quoque
422 943 520 1008 rebus
541 944 630 1007 dives
653 949 738 1022 erat,
761 942 847 1006 filiae
871 965 948 1006 suae
969 943 1157 1025 praedictae
1181 943 1312 1008 Catlae⁰

185 1031 313 1094 nomine
343 1031 541 1111 iniunxerat,
574 1036 611 1093 ut
641 1036 715 1112 post
746 1051 839 1093 suum
871 1050 911 1092 ex
940 1028 1001 1093 hao
1031 1028 1102 1092 luce
1134 1029 1311 1094 discessum

186 1120 302 1180 cuncta
329 1137 411 1198 quae
439 1117 524 1180 illius
548 1122 641 1180 erant
662 1118 693 1179 in
717 1136 875 1198 pauperes
899 1114 1107 1197 dispensaret.
1159 1115 1214 1179 ‘Et
1236 1117 1312 1198 quia

185 1201 237 1266 hio
255 1204 361 1266 minus
375 1223 534 1285 pauperes
552 1203 765 1282 inveniuntur,
783 1208 858 1284 post
876 1201 1024 1281 obitum',
1043 1202 1157 1284 inquit,
1182 1206 1311 1282 ‘meum

187 1309 259 1351 oum
282 1287 343 1352 tibi
364 1290 468 1371 primo
492 1289 695 1371 oportunitas
719 1289 870 1368 evenerit,
897 1287 1034 1351 venditis
1057 1288 1206 1352 omnibus
1229 1309 1312 1371 quae

186 1374 239 1438 hic
261 1373 448 1456 dispensata
469 1395 533 1439 non
556 1374 689 1454 fuerint,
720 1395 808 1438 sume
831 1379 937 1437 tecum
960 1374 1150 1454 argentumd
1178 1380 1209 1438 et
1230 1374 1312 1438 vade

186 1459 228 1522 ad
257 1459 461 1525 Dorstadum.
517 1459 566 1525 Ibi
596 1466 671 1523 sunt
699 1460 852 1524 ecclesiae
880 1460 1038 1542 plurimae
1068 1466 1101 1524 et
1129 1460 1313 1524 sacerdotes

186 1566 225 1609 ac
243 1546 360 1626 elerici,
383 1547 429 1611 ibi
446 1545 660 1629 indigentium
679 1544 859 1609 multitudo
902 1545 962 1608 Illo
981 1545 1161 1626 adveniens,
1184 1567 1311 1629 quaere,

187 1632 242 1715 qui
271 1633 355 1697 rite⁸
387 1631 537 1712 doceant,
569 1631 695 1712 fideles,
726 1631 887 1714 quomodo
917 1652 955 1695 ea
985 1630 1162 1714 dispenses,
1193 1639 1225 1697 et
1253 1653 1312 1714 pro

187 1719 313 1783 animae
350 1739 441 1782 meae
478 1717 620 1783 remedio
656 1719 764 1782 omnia
799 1719 851 1781 inf
891 1716 1097 1782 elemosinam
1133 1718 1311 1783 distribue’.

186 1803 285 1868 Postg
323 1826 489 1869 excessum
527 1805 638 1887 itaque
670 1805 783 1868 matris
821 1802 889 1866 filia
922 1824 1004 1886 quae
1037 1810 1142 1868 mater
1171 1806 1314 1869 iusserat

188 1894 316 1954 strenue
344 1891 537 1973 adimplevit.
588 1892 790 1973 Arreptoque
816 1891 931 1954 itinere
957 1891 1144 1971 perveniens
1167 1890 1209 1955 ad
1231 1890 1313 1955 Dor·

188 1975 326 2056 stadum,
350 1977 518 2059 religiosas
540 1976 586 2041 ibi
609 1977 781 2059 exquisivit
803 1975 954 2054 feminas,
981 1996 1063 2058 quae
1087 1997 1159 2040 oum
1182 1999 1220 2041 ea
1241 1979 1314 2041 loca

186 2068 300 2126 sancta
322 2064 517 2127 circuirenth
548 2069 594 2142 et,
622 2062 700 2146 quid
723 2063 838 2145 cuique
865 2061 1045 2144 dispensari
1069 2062 1213 2144 deberet,
1241 2085 1313 2127 eam

187 2148 392 2213 instruerent.
443 2147 523 2212 Cum
551 2168 626 2230 ergo
655 2148 795 2230 quadam
817 2147 869 2210 die
892 2168 990 2211 causa
1013 2147 1220 2230 dispensandi
1240 2149 1314 2214 loca

187 2241 300 2299 sancta
325 2241 549 2318 peragrarent,
580 2240 613 2298 et
643 2233 797 2298 medietas
824 2235 890 2297 iam
917 2232 1092 2298 distributa
1115 2241 1212 2316 esset,
1242 2237 1314 2318 ipsa

188 2321 284 2383 sociis
312 2321 379 2386 suis
407 2320 503 2385 dixit:
540 2319 646 2384 ‘Nune
673 2322 737 2383 iam
764 2320 868 2384 lassae
896 2341 1020 2400 sumus;
1050 2321 1164 2384 melius
1187 2327 1249 2402 est,
1277 2328 1314 2386 ut

188 2405 323 2488 aliquid¹
361 2407 454 2470 nobis
486 2406 525 2470 de
559 2407 632 2470 vino
664 2412 803 2486 ematur,
838 2406 922 2470 unde
951 2405 1116 2470 refocilari
1143 2407 1312 2489 possimus,

188 2497 221 2555 et
256 2493 301 2556 sic
337 2491 464 2556 demum
500 2498 615 2574 coepta
649 2493 861 2574 peragamus’.
920 2491 1014 2555 Datis
1047 2493 1148 2575 igitur
1180 2494 1222 2558 ad
1253 2495 1314 2558 hoc

187 2578 230 2641 4k
252 2577 407 2658 denariis,
437 2584 469 2642 et
490 2579 612 2643 viribus
635 2579 820 2661 resumptis,
848 2578 934 2660 quod
958 2599 1090 2660 coepere
1112 2585 1312 2662 peregerunt.

189 2663 312 2739 Quibus
335 2665 516 2747 completis,
539 2665 611 2748 ipsa
633 2663 676 2728 ad
697 2663 873 2747 hospitium
897 2685 989 2728 suum
1011 2664 1150 2743 rediens,
1174 2687 1313 2745 saccum,

187 2751 302 2832 inquo
322 2756 490 2832 argentum
512 2751 627 2830 fuerat,
650 2752 684 2814 in
704 2750 845 2833 quodam
862 2751 933 2814 loco
950 2771 1087 2814 vacuum
1104 2752 1223 2832 posuit,
1248 2753 1314 2832 sed,

188 2835 345 2919 largiente
368 2857 507 2918 superno
529 2857 669 2916 munere,
693 2835 797 2900 denuo
819 2837 925 2919 ipsum
947 2836 1054 2900 locum
1075 2837 1195 2917 adiens,
1219 2839 1315 2902 sicuti

188 2928 284 2986 antea
310 2921 418 2986 fuerat
443 2923 572 3004 plenum
599 2923 726 2986 invenit.
780 2923 869 2999 Quae
895 2927 986 2986 tanto
1010 2921 1235 3004 obstupefacta
1256 2925 1315 2987 mi-

187 3007 313 3088 raculo,
343 3009 454 3073 ascitis
483 3008 524 3072 ad
551 3029 599 3088 se,
628 3029 711 3090 quae
740 3029 812 3072 cum
835 3029 873 3072 ea
895 3008 984 3090 prius
1006 3009 1125 3088 ierant,
1155 3009 1314 3092 religiosis

188 3094 329 3175 feminis,
356 3093 432 3178 quid
459 3095 522 3159 sibi
549 3095 732 3177 contigerit,
763 3094 912 3159 ostendit.
959 3093 1075 3158 Coram
1098 3095 1214 3177 quibus
1237 3096 1315 3180 quid

188 3180 283 3244 inibi¹
302 3187 386 3246 esset
395 3185 593 3263 computans,
604 3180 820 3245 tantundemm
829 3180 925 3263 pretii
936 3201 1005 3244 esse
1013 3182 1141 3261 invenit,
1157 3188 1315 3264 quantum

188 3266 245 3330 illo
268 3266 449 3347 advexerat,
472 3269 612 3351 exceptis
635 3268 678 3332 4Ιι
704 3267 853 3332 denariis.
909 3266 1049 3331 Consilio
1071 3269 1181 3350 itaque
1204 3268 1245 3333 ab
1269 3271 1314 3334 eis

189 3358 330 3434 aceept0,
354 3354 411 3418 ivit
435 3352 476 3417 ad
500 3353 693 3433 sacerdotes,
717 3355 772 3436 qui
793 3353 839 3418 ibi
858 3352 1094 3436 probabiliores
1111 3353 1313 3436 videbantur,

189 3444 222 3502 et
247 3438 281 3502 id
307 3440 411 3522 ipsum
435 3441 481 3504 eis
506 3441 655 3503 innotuit.
708 3439 770 3515 Qui
795 3440 934 3522 gratiam
961 3439 1021 3503 Dei
1049 3461 1109 3521 pro
1132 3445 1223 3504 tanta
1246 3443 1313 3506 eius

189 3523 334 3590 bonitate
366 3524 549 3604 laudantes,
585 3525 672 3608 quod
704 3527 772 3590 eius
803 3525 909 3590 labori
941 3544 980 3587 ac
1010 3525 1114 3588 bonae
1144 3527 1314 3591 intentioni

190 3609 345 3675 Dominus
363 3611 586 3690 retribueritn,
609 3611 811 3676 intimabant.
850 3610 972 3690 ‘Quia',
995 3611 1179 3693 inquiunt0,
1203 3615 1314 3677 ‘matri

189 3700 265 3760 tuae
297 3696 469 3762 oboediens
504 3697 595 3760 fuisti
631 3702 663 3760 et
690 3695 787 3761 fidem
814 3702 905 3760 tuam
939 3696 1025 3760 oiroa
1054 3718 1125 3761 eam
1153 3697 1314 3764 illibatam

189 3783 325 3846 servasti
348 3788 392 3862 et,
420 3783 503 3847 tanti
525 3783 650 3846 itineris
671 3782 783 3847 labore
807 3787 970 3865 suscepto,
999 3783 1205 3848 elemosinam
1227 3784 1314 3850 illius

190 3875 318 3932 strenue
346 3870 499 3952 implesti,
528 3869 685 3933 Dominus
713 3871 853 3933 omnium
875 3868 1033 3933 bonorum
1055 3870 1233 3935 retributor
1254 3892 1313 3953 pro

190 3953 347 4018 mercedis
375 3955 587 4020 retributione
613 3960 646 4020 et
670 3955 872 4019 necessitatis
898 3961 974 4019 tuae
1002 3955 1145 4020 subsidio
1168 3958 1233 4020 ista
1253 3956 1314 4021 tibi

192 4039 335 4103 contulit.
381 4041 453 4123 Ipse
477 4048 544 4106 estp
568 4062 680 4123 nempe
704 4042 904 4124 omnipotens
928 4047 960 4106 et
981 4041 1129 4106 omnibus
1152 4040 1314 4106 sufficiens

191 4208 345 4260 a)dceet3.B.
385 4211 409 4261 b)
419 4225 436 4252 c.
446 4214 479 4252 42.
489 4215 531 4253 ine.
548 4214 638 4254 Gomldo.
678 4212 817 4264 o)Gntble8;
831 4213 1129 4264 clath10230.n.cler.B2.
1169 4212 1314 4275 &argeutum

187 4264 367 4364 lilrilffitib
379 4264 438 4355 il‘lit
450 4266 476 4304 ι’
497 4317 515 4362 r)
526 4263 550 4355 ll.
560 4266 617 4365 llud]
629 4267 651 4356 ζ’.
665 4317 685 4356 a
701 4264 720 4316 s)
733 4265 934 4368 ii)⁰l'e{lt⁶e⁸in²i.³i.
967 4265 1081 4364 glinidl‘l'
1091 4276 1137 4355 ἶν’
1151 4263 1313 4368 lll‘lillig

190 4365 281 4460 bblddlm
295 4370 317 4415 13
330 4369 415 4406 tuntum
428 4368 455 4407 Β.
513 4367 537 4418 ιι)
550 4378 576 4406 ea
588 4371 640 4408 retr.
655 4369 674 4406 2.
689 4369 708 4407 3.
778 4367 800 4422 o)
813 4370 872 4420 qula,
885 4379 934 4408 curn
947 4366 969 4419 (o
982 4367 1004 4420 2)
1017 4369 1119 4417 inquiunt
1131 4370 1150 4410 2.
1163 4370 1183 4408 3.
1252 4366 1277 4417 p)
1290 4380 1314 4410 n.
