<?xml version="1.0" encoding="UTF-8"?>
<!DOCTYPE html PUBLIC "-//W3C//DTD XHTML 1.0 Transitional//EN"
    "http://www.w3.org/TR/xhtml1/DTD/xhtml1-transitional.dtd">
<html xmlns="http://www.w3.org/1999/xhtml" xml:lang="en" lang="en">
 <head>
  <title>
</title>
<meta http-equiv="Content-Type" content="text/html;charset=utf-8" />
  <meta name='ocr-system' content='tesseract 3.04.00' />
  <meta name='ocr-capabilities' content='ocr_page ocr_carea ocr_par ocr_line ocrx_word'/>
</head>
<body>
  <div class='ocr_page' id='page_1' title='image "./vitaanskariiauc00waitgoog_0091.png"; bbox 0 0 3154 5016; ppageno 0'>
   <div class='ocr_carea' id='block_1_1' title="bbox 632 331 1341 391">
    <p class='ocr_par' dir='ltr' id='par_1_1' title="bbox 632 331 1341 391">
     <span class='ocr_line' id='line_1_1' title="bbox 632 331 1341 391; baseline 0.01 -7"><span class='ocrx_word' id='word_1_1' title='bbox 632 331 717 385; x_wconf 86' lang='lat' dir='ltr'>VITA</span> <span class='ocrx_word' id='word_1_2' title='bbox 736 331 919 386; x_wconf 81' lang='lat' dir='ltr'>RIMBERTI.</span> <span class='ocrx_word' id='word_1_3' title='bbox 1307 336 1341 391; x_wconf 83' lang='lat'>87</span> 
     </span>
    </p>
   </div>
   <div class='ocr_carea' id='block_1_2' title="bbox 203 485 1475 4091">
    <p class='ocr_par' dir='ltr' id='par_1_2' title="bbox 203 485 1475 2794">
     <span class='ocr_line' id='line_1_2' title="bbox 212 485 1341 571; baseline 0.003 -21"><span class='ocrx_word' id='word_1_4' title='bbox 212 487 308 550; x_wconf 87' lang='lat' dir='ltr'>etiam</span> <span class='ocrx_word' id='word_1_5' title='bbox 338 486 380 550; x_wconf 98' lang='lat' dir='ltr'>ad</span> <span class='ocrx_word' id='word_1_6' title='bbox 410 490 616 568; x_wconf 79' lang='lat' dir='ltr'>augmentum</span> <span class='ocrx_word' id='word_1_7' title='bbox 647 485 863 550; x_wconf 80' lang='lat' dir='ltr'>abstinentiae</span> <span class='ocrx_word' id='word_1_8' title='bbox 892 506 931 550; x_wconf 88' lang='lat' dir='ltr'>ea</span> <span class='ocrx_word' id='word_1_9' title='bbox 960 505 1043 568; x_wconf 86' lang='lat' dir='ltr'>quae</span> <span class='ocrx_word' id='word_1_10' title='bbox 1070 485 1104 550; x_wconf 91' lang='lat' dir='ltr'>in</span> <span class='ocrx_word' id='word_1_11' title='bbox 1126 487 1264 571; x_wconf 80' lang='lat' dir='ltr'><strong>simplici</strong></span> <span class='ocrx_word' id='word_1_12' title='bbox 1287 487 1341 554; x_wconf 88' lang='lat' dir='ltr'>de-</span> 
     </span>
     <span class='ocr_line' id='line_1_3' title="bbox 212 571 1341 656; baseline 0.001 -19"><span class='ocrx_word' id='word_1_13' title='bbox 212 573 358 637; x_wconf 79' lang='lat' dir='ltr'>coctione</span> <span class='ocrx_word' id='word_1_14' title='bbox 379 573 473 656; x_wconf 90' lang='lat' dir='ltr'>panis</span> <span class='ocrx_word' id='word_1_15' title='bbox 496 592 566 636; x_wconf 89' lang='lat' dir='ltr'>esse</span> <span class='ocrx_word' id='word_1_16' title='bbox 588 576 719 654; x_wconf 92' lang='lat' dir='ltr'>possent</span> <span class='ocrx_word' id='word_1_17' title='bbox 739 571 915 655; x_wconf 90' lang='lat' dir='ltr'>plurimum</span> <span class='ocrx_word' id='word_1_18' title='bbox 938 571 1135 651; x_wconf 89' lang='lat' dir='ltr'>defecerunt,</span> <span class='ocrx_word' id='word_1_19' title='bbox 1158 579 1190 637; x_wconf 93' lang='lat' dir='ltr'>et</span> <span class='ocrx_word' id='word_1_20' title='bbox 1211 574 1259 638; x_wconf 87' lang='lat' dir='ltr'>vis</span> <span class='ocrx_word' id='word_1_21' title='bbox 1280 575 1341 638; x_wconf 92' lang='lat' dir='ltr'>sci-</span> 
     </span>
     <span class='ocr_line' id='line_1_4' title="bbox 210 656 1341 743; baseline 0.002 -21"><span class='ocrx_word' id='word_1_22' title='bbox 210 658 286 722; x_wconf 90' lang='lat' dir='ltr'>licet</span> <span class='ocrx_word' id='word_1_23' title='bbox 320 658 464 722; x_wconf 79' lang='lat' dir='ltr'>alimenti</span> <span class='ocrx_word' id='word_1_24' title='bbox 497 662 529 721; x_wconf 91' lang='lat' dir='ltr'>et</span> <span class='ocrx_word' id='word_1_25' title='bbox 560 658 702 722; x_wconf 87' lang='lat' dir='ltr'>suavitas</span> <span class='ocrx_word' id='word_1_26' title='bbox 733 677 772 721; x_wconf 90' lang='lat' dir='ltr'>ac</span> <span class='ocrx_word' id='word_1_27' title='bbox 802 656 974 722; x_wconf 79' lang='lat' dir='ltr'>delectatio</span> <span class='ocrx_word' id='word_1_28' title='bbox 1006 659 1141 740; x_wconf 90' lang='lat' dir='ltr'>saporis.</span> <span class='ocrx_word' id='word_1_29' title='bbox 1194 658 1341 743; x_wconf 86' lang='lat' dir='ltr'>Expletis</span> 
     </span>
     <span class='ocr_line' id='line_1_5' title="bbox 211 742 1341 827; baseline 0.003 -21"><span class='ocrx_word' id='word_1_30' title='bbox 211 750 317 808; x_wconf 87' lang='lat' dir='ltr'>autem</span> <span class='ocrx_word' id='word_1_31' title='bbox 339 743 453 808; x_wconf 89' lang='lat' dir='ltr'>dicbus</span> <span class='ocrx_word' id='word_1_32' title='bbox 472 742 567 808; x_wconf 92' lang='lat' dir='ltr'>istius</span> <span class='ocrx_word' id='word_1_33' title='bbox 584 742 811 824; x_wconf 85' lang='lat' dir='ltr'>abstinentiae,</span> <span class='ocrx_word' id='word_1_34' title='bbox 834 743 903 826; x_wconf 88' lang='lat' dir='ltr'>ipse</span> <span class='ocrx_word' id='word_1_35' title='bbox 920 743 1081 827; x_wconf 83' lang='lat' dir='ltr'>presbiter</span> <span class='ocrx_word' id='word_1_36' title='bbox 1098 765 1157 827; x_wconf 93' lang='lat' dir='ltr'>pro</span> <span class='ocrx_word' id='word_1_37' title='bbox 1177 765 1240 827; x_wconf 92' lang='lat' dir='ltr'>quo</span> <span class='ocrx_word' id='word_1_38' title='bbox 1259 745 1341 810; x_wconf 91' lang='lat' dir='ltr'>haec</span> 
     </span>
     <span class='ocr_line' id='line_1_6' title="bbox 211 827 1340 912; baseline 0.004 -20"><span class='ocrx_word' id='word_1_39' title='bbox 211 830 391 912; x_wconf 87' lang='lat' dir='ltr'>agebantur</span> <span class='ocrx_word' id='word_1_40' title='bbox 412 851 471 912; x_wconf 92' lang='lat' dir='ltr'>per</span> <span class='ocrx_word' id='word_1_41' title='bbox 491 828 593 893; x_wconf 87' lang='lat' dir='ltr'>visum</span> <span class='ocrx_word' id='word_1_42' title='bbox 617 829 769 911; x_wconf 88' lang='lat' dir='ltr'>apparuit</span> <span class='ocrx_word' id='word_1_43' title='bbox 791 827 920 893; x_wconf 87' lang='lat' dir='ltr'>cuidam</span> <span class='ocrx_word' id='word_1_44' title='bbox 943 828 1096 908; x_wconf 87' lang='lat' dir='ltr'>feminae,</span> <span class='ocrx_word' id='word_1_45' title='bbox 1124 850 1207 912; x_wconf 91' lang='lat' dir='ltr'>quae</span> <span class='ocrx_word' id='word_1_46' title='bbox 1229 831 1340 896; x_wconf 90' lang='lat' dir='ltr'>multis</span> 
     </span>
     <span class='ocr_line' id='line_1_7' title="bbox 211 913 1341 999; baseline 0.002 -21"><span class='ocrx_word' id='word_1_47' title='bbox 211 915 325 980; x_wconf 92' lang='lat' dir='ltr'>diebus</span> <span class='ocrx_word' id='word_1_48' title='bbox 358 914 530 999; x_wconf 89' lang='lat' dir='ltr'>paralitica</span> <span class='ocrx_word' id='word_1_49' title='bbox 563 914 704 995; x_wconf 89' lang='lat' dir='ltr'>iacebat,</span> <span class='ocrx_word' id='word_1_50' title='bbox 738 914 867 980; x_wconf 90' lang='lat' dir='ltr'>nomine</span> <span class='ocrx_word' id='word_1_51' title='bbox 896 913 1092 979; x_wconf 61' lang='lat' dir='ltr'>Helahwihr.</span> <span class='ocrx_word' id='word_1_52' title='bbox 1152 914 1212 980; x_wconf 87' lang='lat' dir='ltr'>Oui</span> <span class='ocrx_word' id='word_1_53' title='bbox 1242 916 1341 999; x_wconf 87' lang='lat' dir='ltr'>longa</span> 
     </span>
     <span class='ocr_line' id='line_1_8' title="bbox 210 999 1339 1084; baseline 0.002 -20"><span class='ocrx_word' id='word_1_54' title='bbox 210 1000 339 1083; x_wconf 88' lang='lat' dir='ltr'>quidem</span> <span class='ocrx_word' id='word_1_55' title='bbox 352 999 523 1065; x_wconf 89' lang='lat' dir='ltr'>infirmitas</span> <span class='ocrx_word' id='word_1_56' title='bbox 538 999 671 1064; x_wconf 88' lang='lat' dir='ltr'>menbra</span> <span class='ocrx_word' id='word_1_57' title='bbox 684 1001 842 1082; x_wconf 82' lang='lat' dir='ltr'>gravavit3</span> <span class='ocrx_word' id='word_1_58' title='bbox 861 1007 911 1065; x_wconf 89' lang='lat' dir='ltr'>set</span> <span class='ocrx_word' id='word_1_59' title='bbox 924 1007 1042 1082; x_wconf 88' lang='lat' dir='ltr'>tamen,</span> <span class='ocrx_word' id='word_1_60' title='bbox 1065 1006 1098 1066; x_wconf 88' lang='lat' dir='ltr'>ut</span> <span class='ocrx_word' id='word_1_61' title='bbox 1117 1000 1156 1065; x_wconf 92' lang='lat' dir='ltr'>de</span> <span class='ocrx_word' id='word_1_62' title='bbox 1177 1001 1339 1084; x_wconf 87' lang='lat' dir='ltr'>quodam¹</span> 
     </span>
     <span class='ocr_line' id='line_1_9' title="bbox 209 1084 1340 1169; baseline 0.001 -18"><span class='ocrx_word' id='word_1_63' title='bbox 209 1087 325 1152; x_wconf 92' lang='lat' dir='ltr'>beatus</span> <span class='ocrx_word' id='word_1_64' title='bbox 344 1087 519 1169; x_wconf 84' lang='lat' dir='ltr'>Gregorius</span> <span class='ocrx_word' id='word_1_65' title='bbox 543 1084 630 1164; x_wconf 91' lang='lat' dir='ltr'>dicit,</span> <span class='ocrx_word' id='word_1_66' title='bbox 655 1087 726 1169; x_wconf 91' lang='lat' dir='ltr'>ipsa</span> <span class='ocrx_word' id='word_1_67' title='bbox 745 1085 915 1150; x_wconf 88' lang='lat' dir='ltr'>infirmitas</span> <span class='ocrx_word' id='word_1_68' title='bbox 934 1086 1045 1152; x_wconf 88' lang='lat' dir='ltr'>eadem</span> <span class='ocrx_word' id='word_1_69' title='bbox 1064 1086 1198 1151; x_wconf 89' lang='lat' dir='ltr'>menbra</span> <span class='ocrx_word' id='word_1_70' title='bbox 1216 1109 1236 1152; x_wconf 92' lang='lat' dir='ltr'>a</span> <span class='ocrx_word' id='word_1_71' title='bbox 1254 1087 1340 1152; x_wconf 93' lang='lat' dir='ltr'>bono</span> 
     </span>
     <span class='ocr_line' id='line_1_10' title="bbox 211 1170 1340 1255; baseline 0.002 -19"><span class='ocrx_word' id='word_1_72' title='bbox 211 1193 306 1254; x_wconf 85' lang='lat' dir='ltr'>opere</span> <span class='ocrx_word' id='word_1_73' title='bbox 335 1193 400 1236; x_wconf 93' lang='lat' dir='ltr'>non</span> <span class='ocrx_word' id='word_1_74' title='bbox 428 1173 548 1254; x_wconf 86' lang='lat' dir='ltr'>ligavit.</span> <span class='ocrx_word' id='word_1_75' title='bbox 601 1170 727 1236; x_wconf 81' lang='lat' dir='ltr'>Cotidie</span> <span class='ocrx_word' id='word_1_76' title='bbox 756 1173 838 1237; x_wconf 88' lang='lat' dir='ltr'>enim</span> <span class='ocrx_word' id='word_1_77' title='bbox 863 1193 897 1236; x_wconf 89' lang='lat' dir='ltr'>se</span> <span class='ocrx_word' id='word_1_78' title='bbox 920 1171 962 1235; x_wconf 87' lang='lat' dir='ltr'>ad</span> <span class='ocrx_word' id='word_1_79' title='bbox 985 1172 1154 1238; x_wconf 89' lang='lat' dir='ltr'>ecclesiam</span> <span class='ocrx_word' id='word_1_80' title='bbox 1177 1171 1340 1255; x_wconf 91' lang='lat' dir='ltr'>deportari</span> 
     </span>
     <span class='ocr_line' id='line_1_11' title="bbox 211 1256 1340 1336; baseline 0.003 -15"><span class='ocrx_word' id='word_1_81' title='bbox 211 1258 346 1336; x_wconf 83' lang='lat' dir='ltr'>faciens,</span> <span class='ocrx_word' id='word_1_82' title='bbox 381 1258 514 1323; x_wconf 87' lang='lat' dir='ltr'>verbum</span> <span class='ocrx_word' id='word_1_83' title='bbox 548 1257 634 1321; x_wconf 87' lang='lat' dir='ltr'>vitae</span> <span class='ocrx_word' id='word_1_84' title='bbox 666 1256 786 1322; x_wconf 88' lang='lat' dir='ltr'>ibidem</span> <span class='ocrx_word' id='word_1_85' title='bbox 816 1256 1039 1322; x_wconf 80' lang='lat' dir='ltr'>delectabatur</span> <span class='ocrx_word' id='word_1_86' title='bbox 1066 1258 1180 1324; x_wconf 87' lang='lat' dir='ltr'>audire</span> <span class='ocrx_word' id='word_1_87' title='bbox 1208 1258 1340 1324; x_wconf 88' lang='lat' dir='ltr'>himnis-</span> 
     </span>
     <span class='ocr_line' id='line_1_12' title="bbox 211 1343 1339 1427; baseline 0.001 -20"><span class='ocrx_word' id='word_1_88' title='bbox 211 1364 273 1425; x_wconf 92' lang='lat' dir='ltr'>que</span> <span class='ocrx_word' id='word_1_89' title='bbox 303 1350 335 1408; x_wconf 91' lang='lat' dir='ltr'>et</span> <span class='ocrx_word' id='word_1_90' title='bbox 363 1343 514 1408; x_wconf 89' lang='lat' dir='ltr'>laudibus</span> <span class='ocrx_word' id='word_1_91' title='bbox 542 1348 640 1427; x_wconf 93' lang='lat' dir='ltr'>prout</span> <span class='ocrx_word' id='word_1_92' title='bbox 667 1345 773 1425; x_wconf 89' lang='lat' dir='ltr'>potuit</span> <span class='ocrx_word' id='word_1_93' title='bbox 802 1343 854 1408; x_wconf 91' lang='lat' dir='ltr'>die</span> <span class='ocrx_word' id='word_1_94' title='bbox 882 1350 1044 1426; x_wconf 89' lang='lat' dir='ltr'>noctuque</span> <span class='ocrx_word' id='word_1_95' title='bbox 1069 1363 1194 1408; x_wconf 86' lang='lat' dir='ltr'>vacare.</span> <span class='ocrx_word' id='word_1_96' title='bbox 1246 1345 1339 1424; x_wconf 87' lang='lat' dir='ltr'>Huic,</span> 
     </span>
     <span class='ocr_line' id='line_1_13' title="bbox 210 1428 1340 1513; baseline 0.001 -20"><span class='ocrx_word' id='word_1_97' title='bbox 210 1436 246 1495; x_wconf 91' lang='lat' dir='ltr'>ut</span> <span class='ocrx_word' id='word_1_98' title='bbox 268 1428 389 1494; x_wconf 89' lang='lat' dir='ltr'>dictum</span> <span class='ocrx_word' id='word_1_99' title='bbox 412 1434 469 1510; x_wconf 88' lang='lat' dir='ltr'>est,</span> <span class='ocrx_word' id='word_1_100' title='bbox 492 1429 674 1513; x_wconf 86' lang='lat' dir='ltr'>pervisum</span> <span class='ocrx_word' id='word_1_101' title='bbox 698 1449 858 1513; x_wconf 89' lang='lat' dir='ltr'>apparens</span> <span class='ocrx_word' id='word_1_102' title='bbox 879 1429 1040 1513; x_wconf 88' lang='lat' dir='ltr'>presbiter</span> <span class='ocrx_word' id='word_1_103' title='bbox 1062 1436 1268 1510; x_wconf 88' lang='lat' dir='ltr'>memoratus,</span> <span class='ocrx_word' id='word_1_104' title='bbox 1292 1430 1340 1494; x_wconf 90' lang='lat' dir='ltr'>fa-</span> 
     </span>
     <span class='ocr_line' id='line_1_14' title="bbox 211 1514 1339 1598; baseline 0.002 -20"><span class='ocrx_word' id='word_1_105' title='bbox 211 1515 297 1579; x_wconf 91' lang='lat' dir='ltr'>mulo</span> <span class='ocrx_word' id='word_1_106' title='bbox 316 1515 376 1579; x_wconf 90' lang='lat' dir='ltr'>Dei</span> <span class='ocrx_word' id='word_1_107' title='bbox 394 1514 560 1580; x_wconf 90' lang='lat' dir='ltr'>Rimberto</span> <span class='ocrx_word' id='word_1_108' title='bbox 583 1515 706 1596; x_wconf 89' lang='lat' dir='ltr'>gratias</span> <span class='ocrx_word' id='word_1_109' title='bbox 729 1514 845 1580; x_wconf 85' lang='lat' dir='ltr'>referri</span> <span class='ocrx_word' id='word_1_110' title='bbox 866 1515 980 1597; x_wconf 86' lang='lat' dir='ltr'>petiuit</span> <span class='ocrx_word' id='word_1_111' title='bbox 1002 1514 1042 1579; x_wconf 90' lang='lat' dir='ltr'>de</span> <span class='ocrx_word' id='word_1_112' title='bbox 1061 1514 1260 1597; x_wconf 88' lang='lat' dir='ltr'>parsimonia</span> <span class='ocrx_word' id='word_1_113' title='bbox 1279 1538 1339 1598; x_wconf 93' lang='lat' dir='ltr'>pro</span> 
     </span>
     <span class='ocr_line' id='line_1_15' title="bbox 211 1600 1340 1684; baseline 0.001 -18"><span class='ocrx_word' id='word_1_114' title='bbox 211 1601 281 1666; x_wconf 88' lang='lat' dir='ltr'>cius</span> <span class='ocrx_word' id='word_1_115' title='bbox 310 1600 489 1666; x_wconf 88' lang='lat' dir='ltr'>salvatione</span> <span class='ocrx_word' id='word_1_116' title='bbox 519 1608 647 1680; x_wconf 85' lang='lat' dir='ltr'>exacta,</span> <span class='ocrx_word' id='word_1_117' title='bbox 677 1621 774 1683; x_wconf 88' lang='lat' dir='ltr'>quam</span> <span class='ocrx_word' id='word_1_118' title='bbox 804 1606 836 1666; x_wconf 90' lang='lat' dir='ltr'>et</span> <span class='ocrx_word' id='word_1_119' title='bbox 864 1603 898 1665; x_wconf 92' lang='lat' dir='ltr'>in</span> <span class='ocrx_word' id='word_1_120' title='bbox 927 1607 1051 1665; x_wconf 89' lang='lat' dir='ltr'>tantum</span> <span class='ocrx_word' id='word_1_121' title='bbox 1079 1601 1142 1666; x_wconf 92' lang='lat' dir='ltr'>sibi</span> <span class='ocrx_word' id='word_1_122' title='bbox 1163 1601 1340 1684; x_wconf 82' lang='lat' dir='ltr'>profecisse</span> 
     </span>
     <span class='ocr_line' id='line_1_16' title="bbox 210 1685 1341 1769; baseline 0.003 -19"><span class='ocrx_word' id='word_1_123' title='bbox 210 1685 389 1767; x_wconf 84' lang='lat' dir='ltr'>mandavit,</span> <span class='ocrx_word' id='word_1_124' title='bbox 421 1692 456 1752; x_wconf 92' lang='lat' dir='ltr'>ut</span> <span class='ocrx_word' id='word_1_125' title='bbox 482 1687 677 1768; x_wconf 89' lang='lat' dir='ltr'>abnegatum</span> <span class='ocrx_word' id='word_1_126' title='bbox 705 1686 768 1751; x_wconf 86' lang='lat' dir='ltr'>sibi</span> <span class='ocrx_word' id='word_1_127' title='bbox 793 1687 884 1769; x_wconf 89' lang='lat' dir='ltr'>prius</span> <span class='ocrx_word' id='word_1_128' title='bbox 912 1687 954 1751; x_wconf 93' lang='lat' dir='ltr'>ad</span> <span class='ocrx_word' id='word_1_129' title='bbox 976 1692 1181 1769; x_wconf 89' lang='lat' dir='ltr'>conspectum</span> <span class='ocrx_word' id='word_1_130' title='bbox 1204 1687 1266 1751; x_wconf 91' lang='lat' dir='ltr'>Dei</span> <span class='ocrx_word' id='word_1_131' title='bbox 1288 1709 1341 1753; x_wconf 89' lang='lat' dir='ltr'>ac·</span> 
     </span>
     <span class='ocr_line' id='line_1_17' title="bbox 211 1772 1339 1854; baseline 0.001 -17"><span class='ocrx_word' id='word_1_132' title='bbox 211 1794 337 1837; x_wconf 88' lang='lat' dir='ltr'>cessum</span> <span class='ocrx_word' id='word_1_133' title='bbox 367 1779 399 1836; x_wconf 91' lang='lat' dir='ltr'>et</span> <span class='ocrx_word' id='word_1_134' title='bbox 428 1772 522 1836; x_wconf 89' lang='lat' dir='ltr'>aulae</span> <span class='ocrx_word' id='word_1_135' title='bbox 552 1772 699 1837; x_wconf 88' lang='lat' dir='ltr'>caelestis</span> <span class='ocrx_word' id='word_1_136' title='bbox 729 1773 897 1837; x_wconf 90' lang='lat' dir='ltr'>introitum</span> <span class='ocrx_word' id='word_1_137' title='bbox 925 1794 984 1854; x_wconf 93' lang='lat' dir='ltr'>per</span> <span class='ocrx_word' id='word_1_138' title='bbox 1010 1772 1095 1837; x_wconf 87' lang='lat' dir='ltr'>hanc</span> <span class='ocrx_word' id='word_1_139' title='bbox 1122 1772 1339 1839; x_wconf 88' lang='lat' dir='ltr'>condonatum</span> 
     </span>
     <span class='ocr_line' id='line_1_18' title="bbox 211 1857 1340 1942; baseline 0 -19"><span class='ocrx_word' id='word_1_140' title='bbox 211 1864 383 1923; x_wconf 87' lang='lat' dir='ltr'>constaret.</span> <span class='ocrx_word' id='word_1_141' title='bbox 435 1857 522 1942; x_wconf 84' lang='lat' dir='ltr'>‘Ipse</span> <span class='ocrx_word' id='word_1_142' title='bbox 543 1878 619 1923; x_wconf 86' lang='lat' dir='ltr'>vero</span> <span class='ocrx_word' id='word_1_143' title='bbox 642 1857 827 1923; x_wconf 89' lang='lat' dir='ltr'>Rimbertus</span> <span class='ocrx_word' id='word_1_144' title='bbox 849 1859 936 1922; x_wconf 91' lang='lat' dir='ltr'>inter</span> <span class='ocrx_word' id='word_1_145' title='bbox 959 1859 1039 1938; x_wconf 90' lang='lat' dir='ltr'>eos’,</span> <span class='ocrx_word' id='word_1_146' title='bbox 1062 1859 1184 1941; x_wconf 88' lang='lat' dir='ltr'>inquid,</span> <span class='ocrx_word' id='word_1_147' title='bbox 1209 1860 1340 1924; x_wconf 90' lang='lat' dir='ltr'>‘asscri-</span> 
     </span>
     <span class='ocr_line' id='line_1_19' title="bbox 208 1943 1471 2030; baseline 0.002 -21"><span class='ocrx_word' id='word_1_148' title='bbox 208 1944 317 2024; x_wconf 88' lang='lat' dir='ltr'>betur,</span> <span class='ocrx_word' id='word_1_149' title='bbox 347 1943 527 2027; x_wconf 86' lang='lat' dir='ltr'>dequibus</span> <span class='ocrx_word' id='word_1_150' title='bbox 554 1943 686 2008; x_wconf 90' lang='lat' dir='ltr'>dicitur:</span> <span class='ocrx_word' id='word_1_151' title='bbox 723 1943 894 2030; x_wconf 74' lang='lat' dir='ltr'>Fulpcbuut</span> <span class='ocrx_word' id='word_1_152' title='bbox 916 1945 993 2008; x_wconf 79' lang='lat' dir='ltr'>iusti</span> <span class='ocrx_word' id='word_1_153' title='bbox 1020 1954 1048 2008; x_wconf 81' lang='lat' dir='ltr'>ct</span> <span class='ocrx_word' id='word_1_154' title='bbox 1076 1955 1139 2008; x_wconf 79' lang='lat' dir='ltr'>tam</span> <span class='ocrx_word' id='word_1_155' title='bbox 1162 1968 1234 2008; x_wconf 83' lang='lat' dir='ltr'>uara</span> <span class='ocrx_word' id='word_1_156' title='bbox 1260 1947 1339 2009; x_wconf 81' lang='lat' dir='ltr'>coia·</span> <span class='ocrx_word' id='word_1_157' title='bbox 1353 1961 1404 2011; x_wconf 71' lang='lat' dir='ltr'>sap.</span> <span class='ocrx_word' id='word_1_158' title='bbox 1420 1963 1439 2011; x_wconf 81' lang='lat'>³,</span> <span class='ocrx_word' id='word_1_159' title='bbox 1453 1962 1471 2000; x_wconf 69' lang='lat'>7·</span> 
     </span>
     <span class='ocr_line' id='line_1_20' title="bbox 209 1969 1338 2113; baseline 0.003 -21"><span class='ocrx_word' id='word_1_160' title='bbox 209 2030 296 2093; x_wconf 75' lang='lat' dir='ltr'>tiliae</span> <span class='ocrx_word' id='word_1_161' title='bbox 326 2031 359 2092; x_wconf 81' lang='lat' dir='ltr'>iu</span> <span class='ocrx_word' id='word_1_162' title='bbox 388 2031 574 2094; x_wconf 77' lang='lat' dir='ltr'>arundineto</span> <span class='ocrx_word' id='word_1_163' title='bbox 600 2031 795 2110; x_wconf 58' lang='lat' dir='ltr'>discurrere</span> <span class='ocrx_word' id='word_1_164' title='bbox 825 2036 856 2094; x_wconf 90' lang='lat' dir='ltr'>et</span> <span class='ocrx_word' id='word_1_165' title='bbox 883 2028 922 2093; x_wconf 88' lang='lat' dir='ltr'>de</span> <span class='ocrx_word' id='word_1_166' title='bbox 945 2028 1062 2112; x_wconf 90' lang='lat' dir='ltr'>quibus</span> <span class='ocrx_word' id='word_1_167' title='bbox 1083 1969 1253 2113; x_wconf 86' lang='lat' dir='ltr'>psalmista</span> <span class='ocrx_word' id='word_1_168' title='bbox 1276 2031 1338 2096; x_wconf 88' lang='lat' dir='ltr'>ait:</span> 
     </span>
     <span class='ocr_line' id='line_1_21' title="bbox 209 2113 1475 2182; baseline 0.001 -4"><span class='ocrx_word' id='word_1_169' title='bbox 209 2115 305 2178; x_wconf 82' lang='lat' dir='ltr'>Ibunt</span> <span class='ocrx_word' id='word_1_170' title='bbox 333 2116 371 2178; x_wconf 87' lang='lat' dir='ltr'>dc</span> <span class='ocrx_word' id='word_1_171' title='bbox 397 2117 507 2179; x_wconf 82' lang='lat' dir='ltr'>uirtute</span> <span class='ocrx_word' id='word_1_172' title='bbox 533 2116 568 2178; x_wconf 82' lang='lat' dir='ltr'>ia</span> <span class='ocrx_word' id='word_1_173' title='bbox 594 2115 745 2179; x_wconf 83' lang='lat' dir='ltr'>uirtutem.</span> <span class='ocrx_word' id='word_1_174' title='bbox 796 2113 983 2179; x_wconf 89' lang='lat' dir='ltr'>Istiusmodi</span> <span class='ocrx_word' id='word_1_175' title='bbox 1005 2115 1183 2180; x_wconf 83' lang='lat' dir='ltr'>visionibus</span> <span class='ocrx_word' id='word_1_176' title='bbox 1205 2115 1255 2180; x_wconf 84' lang='lat' dir='ltr'>vir</span> <span class='ocrx_word' id='word_1_177' title='bbox 1277 2116 1337 2180; x_wconf 88' lang='lat' dir='ltr'>Dei</span> <span class='ocrx_word' id='word_1_178' title='bbox 1355 2133 1394 2173; x_wconf 72' lang='lat' dir='ltr'>Pr.</span> <span class='ocrx_word' id='word_1_179' title='bbox 1408 2134 1442 2182; x_wconf 77' lang='lat'>8³,</span> <span class='ocrx_word' id='word_1_180' title='bbox 1455 2134 1475 2174; x_wconf 79' lang='grc'>8.</span> 
     </span>
     <span class='ocr_line' id='line_1_22' title="bbox 209 2200 1338 2284; baseline 0.002 -20"><span class='ocrx_word' id='word_1_181' title='bbox 209 2201 255 2264; x_wconf 84' lang='grc'>011</span> <span class='ocrx_word' id='word_1_182' title='bbox 278 2221 431 2284; x_wconf 87' lang='lat' dir='ltr'>umquam</span> <span class='ocrx_word' id='word_1_183' title='bbox 454 2202 562 2265; x_wconf 90' lang='lat' dir='ltr'>animo</span> <span class='ocrx_word' id='word_1_184' title='bbox 586 2200 696 2265; x_wconf 88' lang='lat' dir='ltr'>extolli</span> <span class='ocrx_word' id='word_1_185' title='bbox 719 2200 861 2280; x_wconf 86' lang='lat' dir='ltr'>solebat;</span> <span class='ocrx_word' id='word_1_186' title='bbox 885 2211 932 2265; x_wconf 90' lang='lat' dir='ltr'>set</span> <span class='ocrx_word' id='word_1_187' title='bbox 953 2221 1012 2284; x_wconf 90' lang='lat' dir='ltr'>per</span> <span class='ocrx_word' id='word_1_188' title='bbox 1034 2200 1226 2266; x_wconf 89' lang='lat' dir='ltr'>humilitatis</span> <span class='ocrx_word' id='word_1_189' title='bbox 1245 2203 1338 2266; x_wconf 88' lang='lat' dir='ltr'>tutis-</span> 
     </span>
     <span class='ocr_line' id='line_1_23' title="bbox 209 2285 1339 2369; baseline 0.003 -20"><span class='ocrx_word' id='word_1_190' title='bbox 209 2287 324 2351; x_wconf 86' lang='lat' dir='ltr'>simam</span> <span class='ocrx_word' id='word_1_191' title='bbox 353 2307 480 2368; x_wconf 90' lang='lat' dir='ltr'>semper</span> <span class='ocrx_word' id='word_1_192' title='bbox 506 2287 591 2351; x_wconf 91' lang='lat' dir='ltr'>viam</span> <span class='ocrx_word' id='word_1_193' title='bbox 613 2285 778 2367; x_wconf 87' lang='lat' dir='ltr'>incedens,</span> <span class='ocrx_word' id='word_1_194' title='bbox 808 2288 855 2351; x_wconf 89' lang='lat' dir='ltr'>ita</span> <span class='ocrx_word' id='word_1_195' title='bbox 876 2285 1114 2369; x_wconf 91' lang='lat' dir='ltr'>quodammodo</span> <span class='ocrx_word' id='word_1_196' title='bbox 1138 2286 1255 2352; x_wconf 88' lang='lat' dir='ltr'>cotidie</span> <span class='ocrx_word' id='word_1_197' title='bbox 1276 2289 1339 2352; x_wconf 92' lang='lat' dir='ltr'>vir-</span> 
     </span>
     <span class='ocr_line' id='line_1_24' title="bbox 208 2371 1340 2455; baseline 0.001 -18"><span class='ocrx_word' id='word_1_198' title='bbox 208 2379 314 2437; x_wconf 91' lang='lat' dir='ltr'>tutum</span> <span class='ocrx_word' id='word_1_199' title='bbox 344 2371 464 2455; x_wconf 87' lang='lat' dir='ltr'>gradus</span> <span class='ocrx_word' id='word_1_200' title='bbox 494 2371 654 2452; x_wconf 89' lang='lat' dir='ltr'>ascendit,</span> <span class='ocrx_word' id='word_1_201' title='bbox 683 2379 721 2437; x_wconf 90' lang='lat' dir='ltr'>ut</span> <span class='ocrx_word' id='word_1_202' title='bbox 749 2393 845 2455; x_wconf 89' lang='lat' dir='ltr'>saepe</span> <span class='ocrx_word' id='word_1_203' title='bbox 874 2372 996 2437; x_wconf 88' lang='lat' dir='ltr'>dictum</span> <span class='ocrx_word' id='word_1_204' title='bbox 1025 2394 1150 2455; x_wconf 88' lang='lat' dir='ltr'>semper</span> <span class='ocrx_word' id='word_1_205' title='bbox 1173 2373 1340 2438; x_wconf 88' lang='lat' dir='ltr'>attendere</span> 
     </span>
     <span class='ocr_line' id='line_1_25' title="bbox 208 2456 1339 2543; baseline 0.002 -21"><span class='ocrx_word' id='word_1_206' title='bbox 208 2458 370 2523; x_wconf 90' lang='lat' dir='ltr'>videretur</span> <span class='ocrx_word' id='word_1_207' title='bbox 387 2457 519 2522; x_wconf 91' lang='lat' dir='ltr'>beatum</span> <span class='ocrx_word' id='word_1_208' title='bbox 533 2456 725 2540; x_wconf 86' lang='lat' dir='ltr'>Gregorium</span> <span class='ocrx_word' id='word_1_209' title='bbox 746 2457 944 2524; x_wconf 81' lang='lat' dir='ltr'>dicentem2:</span> <span class='ocrx_word' id='word_1_210' title='bbox 970 2458 1179 2543; x_wconf 79' lang='lat' dir='ltr'>Unusquisque</span> <span class='ocrx_word' id='word_1_211' title='bbox 1196 2470 1339 2541; x_wconf 78' lang='lat' dir='ltr'>uestrum,</span> 
     </span>
     <span class='ocr_line' id='line_1_26' title="bbox 203 2543 1339 2628; baseline 0.003 -22"><span class='ocrx_word' id='word_1_212' title='bbox 203 2543 341 2627; x_wconf 82' lang='lat' dir='ltr'>fratres,</span> <span class='ocrx_word' id='word_1_213' title='bbox 371 2567 502 2628; x_wconf 74' lang='lat' dir='ltr'>moquus</span> <span class='ocrx_word' id='word_1_214' title='bbox 527 2567 589 2608; x_wconf 80' lang='lat' dir='ltr'>erse</span> <span class='ocrx_word' id='word_1_215' title='bbox 611 2544 744 2623; x_wconf 83' lang='lat' dir='ltr'>studeat,</span> <span class='ocrx_word' id='word_1_216' title='bbox 774 2555 817 2608; x_wconf 79' lang='lat' dir='ltr'>act</span> <span class='ocrx_word' id='word_1_217' title='bbox 839 2555 942 2608; x_wconf 82' lang='lat' dir='ltr'>tamen</span> <span class='ocrx_word' id='word_1_218' title='bbox 964 2567 1111 2628; x_wconf 74' lang='lat' dir='ltr'>maquum</span> <span class='ocrx_word' id='word_1_219' title='bbox 1133 2567 1163 2608; x_wconf 84' lang='lat' dir='ltr'>sc</span> <span class='ocrx_word' id='word_1_220' title='bbox 1185 2567 1246 2609; x_wconf 82' lang='lat' dir='ltr'>csse</span> <span class='ocrx_word' id='word_1_221' title='bbox 1269 2568 1339 2628; x_wconf 77' lang='lat' dir='ltr'>quo</span> 
     </span>
     <span class='ocr_line' id='line_1_27' title="bbox 208 2630 1339 2716; baseline 0.002 -24"><span class='ocrx_word' id='word_1_222' title='bbox 208 2630 374 2694; x_wconf 85' lang='lat' dir='ltr'>dammodo</span> <span class='ocrx_word' id='word_1_223' title='bbox 396 2631 531 2711; x_wconf 80' lang='lat' dir='ltr'>uesciat;</span> <span class='ocrx_word' id='word_1_224' title='bbox 557 2653 604 2710; x_wconf 81' lang='lat' dir='ltr'>aa,</span> <span class='ocrx_word' id='word_1_225' title='bbox 626 2631 700 2693; x_wconf 84' lang='lat' dir='ltr'>dum</span> <span class='ocrx_word' id='word_1_226' title='bbox 722 2631 783 2695; x_wconf 79' lang='lat' dir='ltr'>sibi</span> <span class='ocrx_word' id='word_1_227' title='bbox 806 2631 1051 2716; x_wconf 64' lang='lat' dir='ltr'>magnitudinem</span> <span class='ocrx_word' id='word_1_228' title='bbox 1074 2641 1262 2714; x_wconf 71' lang='lat' dir='ltr'>arroganter</span> <span class='ocrx_word' id='word_1_229' title='bbox 1283 2632 1339 2694; x_wconf 80' lang='lat' dir='ltr'>tri-</span> 
     </span>
     <span class='ocr_line' id='line_1_28' title="bbox 208 2715 438 2794; baseline -0.013 -16"><span class='ocrx_word' id='word_1_230' title='bbox 208 2715 283 2794; x_wconf 84' lang='lat' dir='ltr'>buit,</span> <span class='ocrx_word' id='word_1_231' title='bbox 305 2716 438 2779; x_wconf 80' lang='lat' dir='ltr'>amittat.</span> 
     </span>
    </p>

    <p class='ocr_par' dir='ltr' id='par_1_3' title="bbox 208 2799 1456 4091">
     <span class='ocr_line' id='line_1_29' title="bbox 296 2799 1338 2884; baseline -0.001 -19"><span class='ocrx_word' id='word_1_232' title='bbox 296 2804 325 2865; x_wconf 83' lang='lat'>9.</span> <span class='ocrx_word' id='word_1_233' title='bbox 364 2799 525 2876; x_wconf 80' lang='lat' dir='ltr'>Quamdiu</span> <span class='ocrx_word' id='word_1_234' title='bbox 548 2820 624 2883; x_wconf 90' lang='lat' dir='ltr'>ergo</span> <span class='ocrx_word' id='word_1_235' title='bbox 647 2800 710 2864; x_wconf 83' lang='lat' dir='ltr'>fuit</span> <span class='ocrx_word' id='word_1_236' title='bbox 730 2801 765 2864; x_wconf 92' lang='lat' dir='ltr'>in</span> <span class='ocrx_word' id='word_1_237' title='bbox 783 2821 917 2884; x_wconf 89' lang='lat' dir='ltr'>corpore</span> <span class='ocrx_word' id='word_1_238' title='bbox 934 2800 983 2864; x_wconf 89' lang='lat' dir='ltr'>vir</span> <span class='ocrx_word' id='word_1_239' title='bbox 1002 2800 1132 2864; x_wconf 88' lang='lat' dir='ltr'>Domini</span> <span class='ocrx_word' id='word_1_240' title='bbox 1150 2799 1338 2882; x_wconf 85' lang='lat' dir='ltr'>Ansgarius,</span> 
     </span>
     <span class='ocr_line' id='line_1_30' title="bbox 209 2885 1338 2970; baseline 0.002 -22"><span class='ocrx_word' id='word_1_241' title='bbox 209 2885 270 2951; x_wconf 90' lang='lat' dir='ltr'>iste</span> <span class='ocrx_word' id='word_1_242' title='bbox 301 2906 411 2950; x_wconf 90' lang='lat' dir='ltr'>servus</span> <span class='ocrx_word' id='word_1_243' title='bbox 434 2885 495 2950; x_wconf 89' lang='lat' dir='ltr'>Dei</span> <span class='ocrx_word' id='word_1_244' title='bbox 518 2886 702 2951; x_wconf 86' lang='lat' dir='ltr'>Rimbertus</span> <span class='ocrx_word' id='word_1_245' title='bbox 724 2906 804 2970; x_wconf 87' lang='lat' dir='ltr'>prae</span> <span class='ocrx_word' id='word_1_246' title='bbox 833 2886 977 2951; x_wconf 81' lang='lat' dir='ltr'>cunctisb</span> <span class='ocrx_word' id='word_1_247' title='bbox 1005 2885 1200 2950; x_wconf 88' lang='lat' dir='ltr'>familiarius</span> <span class='ocrx_word' id='word_1_248' title='bbox 1228 2886 1276 2950; x_wconf 94' lang='lat' dir='ltr'>illi</span> <span class='ocrx_word' id='word_1_249' title='bbox 1304 2887 1338 2950; x_wconf 91' lang='lat' dir='ltr'>in</span> 
     </span>
     <span class='ocr_line' id='line_1_31' title="bbox 210 2971 1338 3055; baseline 0.001 -20"><span class='ocrx_word' id='word_1_250' title='bbox 210 2972 358 3037; x_wconf 90' lang='lat' dir='ltr'>omnibus</span> <span class='ocrx_word' id='word_1_251' title='bbox 382 2971 495 3035; x_wconf 88' lang='lat' dir='ltr'>adesse</span> <span class='ocrx_word' id='word_1_252' title='bbox 518 2971 656 3052; x_wconf 86' lang='lat' dir='ltr'>solebat,</span> <span class='ocrx_word' id='word_1_253' title='bbox 684 2972 791 3055; x_wconf 79' lang='lat' dir='ltr'>quod⁰</span> <span class='ocrx_word' id='word_1_254' title='bbox 815 2973 854 3050; x_wconf 90' lang='lat' dir='ltr'>is,</span> <span class='ocrx_word' id='word_1_255' title='bbox 877 2971 917 3037; x_wconf 92' lang='lat' dir='ltr'>de</span> <span class='ocrx_word' id='word_1_256' title='bbox 939 2992 1004 3054; x_wconf 92' lang='lat' dir='ltr'>quo</span> <span class='ocrx_word' id='word_1_257' title='bbox 1027 2971 1221 3055; x_wconf 89' lang='lat' dir='ltr'>aliquotiens</span> <span class='ocrx_word' id='word_1_258' title='bbox 1244 2972 1338 3037; x_wconf 89' lang='lat' dir='ltr'>nobis</span> 
     </span>
     <span class='ocr_line' id='line_1_32' title="bbox 209 3057 1338 3142; baseline 0.002 -22"><span class='ocrx_word' id='word_1_259' title='bbox 209 3057 243 3121; x_wconf 93' lang='lat' dir='ltr'>in</span> <span class='ocrx_word' id='word_1_260' title='bbox 269 3057 332 3122; x_wconf 92' lang='lat' dir='ltr'>hoc</span> <span class='ocrx_word' id='word_1_261' title='bbox 354 3057 509 3140; x_wconf 89' lang='lat' dir='ltr'>opusculo</span> <span class='ocrx_word' id='word_1_262' title='bbox 532 3059 650 3122; x_wconf 90' lang='lat' dir='ltr'>mentio</span> <span class='ocrx_word' id='word_1_263' title='bbox 673 3058 802 3138; x_wconf 84' lang='lat' dir='ltr'>inuidit,</span> <span class='ocrx_word' id='word_1_264' title='bbox 831 3057 981 3122; x_wconf 81' lang='lat' dir='ltr'>libellus‘1</span> <span class='ocrx_word' id='word_1_265' title='bbox 1007 3064 1169 3141; x_wconf 89' lang='lat' dir='ltr'>gestorum</span> <span class='ocrx_word' id='word_1_266' title='bbox 1198 3057 1338 3142; x_wconf 83' lang='lat' dir='ltr'>praefati</span> 
     </span>
     <span class='ocr_line' id='line_1_33' title="bbox 208 3141 1338 3228; baseline 0.003 -21"><span class='ocrx_word' id='word_1_267' title='bbox 208 3141 370 3225; x_wconf 88' lang='lat' dir='ltr'>pontificis</span> <span class='ocrx_word' id='word_1_268' title='bbox 399 3143 441 3207; x_wconf 92' lang='lat' dir='ltr'>ab</span> <span class='ocrx_word' id='word_1_269' title='bbox 464 3144 534 3227; x_wconf 92' lang='lat' dir='ltr'>ipso</span> <span class='ocrx_word' id='word_1_270' title='bbox 557 3143 723 3208; x_wconf 89' lang='lat' dir='ltr'>Rimberto</span> <span class='ocrx_word' id='word_1_271' title='bbox 746 3143 875 3226; x_wconf 87' lang='lat' dir='ltr'>alioque</span> <span class='ocrx_word' id='word_1_272' title='bbox 898 3142 1118 3228; x_wconf 88' lang='lat' dir='ltr'>condiscipulo</span> <span class='ocrx_word' id='word_1_273' title='bbox 1141 3145 1209 3209; x_wconf 91' lang='lat' dir='ltr'>eius</span> <span class='ocrx_word' id='word_1_274' title='bbox 1232 3143 1338 3210; x_wconf 89' lang='lat' dir='ltr'>editus</span> 
     </span>
     <span class='ocr_line' id='line_1_34' title="bbox 209 3227 1338 3312; baseline 0.002 -20"><span class='ocrx_word' id='word_1_275' title='bbox 209 3233 356 3294; x_wconf 86' lang='lat' dir='ltr'>testatur.</span> <span class='ocrx_word' id='word_1_276' title='bbox 409 3227 447 3291; x_wconf 92' lang='lat' dir='ltr'>In</span> <span class='ocrx_word' id='word_1_277' title='bbox 476 3251 539 3312; x_wconf 92' lang='lat' dir='ltr'>quo</span> <span class='ocrx_word' id='word_1_278' title='bbox 569 3229 718 3294; x_wconf 91' lang='lat' dir='ltr'>videlicet</span> <span class='ocrx_word' id='word_1_279' title='bbox 746 3230 830 3295; x_wconf 91' lang='lat' dir='ltr'>libro</span> <span class='ocrx_word' id='word_1_280' title='bbox 858 3229 1052 3312; x_wconf 91' lang='lat' dir='ltr'>ubicumque</span> <span class='ocrx_word' id='word_1_281' title='bbox 1075 3232 1338 3295; x_wconf 86' lang='lat' dir='ltr'>commemoratio</span> 
     </span>
     <span class='ocr_line' id='line_1_35' title="bbox 209 3313 1339 3399; baseline 0.002 -21"><span class='ocrx_word' id='word_1_282' title='bbox 209 3313 246 3379; x_wconf 91' lang='lat' dir='ltr'>fit</span> <span class='ocrx_word' id='word_1_283' title='bbox 277 3315 444 3380; x_wconf 87' lang='lat' dir='ltr'>cuiusdam</span> <span class='ocrx_word' id='word_1_284' title='bbox 473 3313 638 3380; x_wconf 77' lang='lat' dir='ltr'>fidissimi⁰</span> <span class='ocrx_word' id='word_1_285' title='bbox 667 3314 817 3399; x_wconf 89' lang='lat' dir='ltr'>discipuli</span> <span class='ocrx_word' id='word_1_286' title='bbox 847 3316 930 3397; x_wconf 91' lang='lat' dir='ltr'>eius,</span> <span class='ocrx_word' id='word_1_287' title='bbox 961 3315 1049 3398; x_wconf 92' lang='lat' dir='ltr'>quod</span> <span class='ocrx_word' id='word_1_288' title='bbox 1077 3315 1263 3398; x_wconf 83' lang='lat' dir='ltr'>frequenter</span> <span class='ocrx_word' id='word_1_289' title='bbox 1291 3316 1339 3380; x_wconf 93' lang='lat' dir='ltr'>ibi</span> 
     </span>
     <span class='ocr_line' id='line_1_36' title="bbox 208 3400 1339 3484; baseline 0.001 -21"><span class='ocrx_word' id='word_1_290' title='bbox 208 3400 310 3466; x_wconf 89' lang='lat' dir='ltr'>lector</span> <span class='ocrx_word' id='word_1_291' title='bbox 332 3401 485 3481; x_wconf 85' lang='lat' dir='ltr'>inveniet,</span> <span class='ocrx_word' id='word_1_292' title='bbox 515 3402 620 3484; x_wconf 91' lang='lat' dir='ltr'>ipsum</span> <span class='ocrx_word' id='word_1_293' title='bbox 644 3402 726 3465; x_wconf 88' lang='lat' dir='ltr'>sciat</span> <span class='ocrx_word' id='word_1_294' title='bbox 748 3401 848 3466; x_wconf 88' lang='lat' dir='ltr'>fuisse</span> <span class='ocrx_word' id='word_1_295' title='bbox 870 3401 1088 3481; x_wconf 80' lang='lat' dir='ltr'>Rimbertum3</span> <span class='ocrx_word' id='word_1_296' title='bbox 1118 3407 1166 3466; x_wconf 89' lang='lat' dir='ltr'>set</span> <span class='ocrx_word' id='word_1_297' title='bbox 1187 3403 1279 3483; x_wconf 91' lang='lat' dir='ltr'>quia,</span> <span class='ocrx_word' id='word_1_298' title='bbox 1303 3407 1339 3465; x_wconf 90' lang='lat' dir='ltr'>ut</span> 
     </span>
     <span class='ocr_line' id='line_1_37' title="bbox 209 3485 1339 3568; baseline 0 -19"><span class='ocrx_word' id='word_1_299' title='bbox 209 3485 363 3565; x_wconf 84' lang='lat' dir='ltr'>diximus,</span> <span class='ocrx_word' id='word_1_300' title='bbox 398 3487 466 3567; x_wconf 91' lang='lat' dir='ltr'>ipse</span> <span class='ocrx_word' id='word_1_301' title='bbox 498 3507 571 3550; x_wconf 88' lang='lat' dir='ltr'>cum</span> <span class='ocrx_word' id='word_1_302' title='bbox 602 3486 684 3550; x_wconf 77' lang='lat' dir='ltr'>aliof</span> <span class='ocrx_word' id='word_1_303' title='bbox 717 3486 859 3568; x_wconf 90' lang='lat' dir='ltr'>quodam</span> <span class='ocrx_word' id='word_1_304' title='bbox 890 3486 995 3550; x_wconf 91' lang='lat' dir='ltr'>editor</span> <span class='ocrx_word' id='word_1_305' title='bbox 1026 3485 1199 3550; x_wconf 91' lang='lat' dir='ltr'>eorundem</span> <span class='ocrx_word' id='word_1_306' title='bbox 1232 3485 1339 3551; x_wconf 83' lang='lat' dir='ltr'>extitit</span> 
     </span>
     <span class='ocr_line' id='line_1_38' title="bbox 209 3568 1456 3654; baseline 0.003 -20"><span class='ocrx_word' id='word_1_307' title='bbox 209 3578 386 3652; x_wconf 89' lang='lat' dir='ltr'>gestorum,</span> <span class='ocrx_word' id='word_1_308' title='bbox 409 3568 531 3635; x_wconf 90' lang='lat' dir='ltr'>idcirco</span> <span class='ocrx_word' id='word_1_309' title='bbox 553 3571 723 3635; x_wconf 86' lang='lat' dir='ltr'>veritatem</span> <span class='ocrx_word' id='word_1_310' title='bbox 744 3573 807 3652; x_wconf 92' lang='lat' dir='ltr'>rei,</span> <span class='ocrx_word' id='word_1_311' title='bbox 831 3591 1002 3654; x_wconf 89' lang='lat' dir='ltr'>suppresso</span> <span class='ocrx_word' id='word_1_312' title='bbox 1025 3571 1153 3635; x_wconf 90' lang='lat' dir='ltr'>nomine</span> <span class='ocrx_word' id='word_1_313' title='bbox 1176 3572 1262 3649; x_wconf 79' lang='lat' dir='ltr'>*suo,</span> <span class='ocrx_word' id='word_1_314' title='bbox 1286 3591 1339 3635; x_wconf 85' lang='lat' dir='ltr'>ex·</span> <span class='ocrx_word' id='word_1_315' title='bbox 1353 3588 1392 3638; x_wconf 70' lang='lat' dir='ltr'>*a</span> <span class='ocrx_word' id='word_1_316' title='bbox 1408 3587 1456 3626; x_wconf 67' lang='lat'>²⁶⁹·</span> 
     </span>
     <span class='ocr_line' id='line_1_39' title="bbox 210 3654 1340 3738; baseline 0 -19"><span class='ocrx_word' id='word_1_317' title='bbox 210 3656 349 3738; x_wconf 88' lang='lat' dir='ltr'>primere</span> <span class='ocrx_word' id='word_1_318' title='bbox 382 3654 497 3735; x_wconf 86' lang='lat' dir='ltr'>voluit,</span> <span class='ocrx_word' id='word_1_319' title='bbox 529 3659 572 3720; x_wconf 86' lang='lat' dir='ltr'>¹ne</span> <span class='ocrx_word' id='word_1_320' title='bbox 606 3654 646 3720; x_wconf 90' lang='lat' dir='ltr'>de</span> <span class='ocrx_word' id='word_1_321' title='bbox 677 3676 711 3720; x_wconf 89' lang='lat' dir='ltr'>se</span> <span class='ocrx_word' id='word_1_322' title='bbox 739 3655 985 3720; x_wconf 83' lang='lat' dir='ltr'>familiariorem</span> <span class='ocrx_word' id='word_1_323' title='bbox 1013 3658 1152 3738; x_wconf 88' lang='lat' dir='ltr'>gratiam</span> <span class='ocrx_word' id='word_1_324' title='bbox 1181 3657 1340 3721; x_wconf 90' lang='lat' dir='ltr'>iactanter</span> 
     </span>
     <span class='ocr_line' id='line_1_40' title="bbox 208 3739 1340 3825; baseline -0.001 -19"><span class='ocrx_word' id='word_1_325' title='bbox 208 3740 355 3825; x_wconf 88' lang='lat' dir='ltr'>proferre</span> <span class='ocrx_word' id='word_1_326' title='bbox 377 3739 549 3805; x_wconf 88' lang='lat' dir='ltr'>videretur.</span> <span class='ocrx_word' id='word_1_327' title='bbox 596 3740 649 3805; x_wconf 87' lang='lat' dir='ltr'>Sic</span> <span class='ocrx_word' id='word_1_328' title='bbox 672 3741 756 3805; x_wconf 91' lang='lat' dir='ltr'>enim</span> <span class='ocrx_word' id='word_1_329' title='bbox 778 3747 809 3807; x_wconf 91' lang='lat' dir='ltr'>et</span> <span class='ocrx_word' id='word_1_330' title='bbox 827 3741 942 3807; x_wconf 89' lang='lat' dir='ltr'>beatus</span> <span class='ocrx_word' id='word_1_331' title='bbox 961 3741 1162 3823; x_wconf 87' lang='lat' dir='ltr'>euangelista</span> <span class='ocrx_word' id='word_1_332' title='bbox 1180 3741 1340 3806; x_wconf 90' lang='lat' dir='ltr'>Iohannes</span> 
     </span>
     <span class='ocr_line' id='line_1_41' title="bbox 209 3825 1340 3914; baseline 0 -23"><span class='ocrx_word' id='word_1_333' title='bbox 209 3829 244 3891; x_wconf 91' lang='lat' dir='ltr'>in</span> <span class='ocrx_word' id='word_1_334' title='bbox 273 3826 442 3911; x_wconf 88' lang='lat' dir='ltr'>euangelio</span> <span class='ocrx_word' id='word_1_335' title='bbox 472 3848 530 3892; x_wconf 93' lang='lat' dir='ltr'>suo</span> <span class='ocrx_word' id='word_1_336' title='bbox 561 3826 652 3906; x_wconf 89' lang='lat' dir='ltr'>fecit,</span> <span class='ocrx_word' id='word_1_337' title='bbox 681 3827 738 3892; x_wconf 94' lang='lat' dir='ltr'>ubi</span> <span class='ocrx_word' id='word_1_338' title='bbox 766 3849 858 3892; x_wconf 89' lang='lat' dir='ltr'>snam</span> <span class='ocrx_word' id='word_1_339' title='bbox 882 3825 1049 3914; x_wconf 68' lang='lat' dir='ltr'>[semperssl</span> <span class='ocrx_word' id='word_1_340' title='bbox 1078 3847 1250 3911; x_wconf 91' lang='lat' dir='ltr'>personam</span> <span class='ocrx_word' id='word_1_341' title='bbox 1272 3849 1340 3891; x_wconf 93' lang='lat' dir='ltr'>ma-</span> 
     </span>
     <span class='ocr_line' id='line_1_42' title="bbox 209 3912 1340 3997; baseline 0 -21"><span class='ocrx_word' id='word_1_342' title='bbox 209 3913 271 3978; x_wconf 91' lang='lat' dir='ltr'>luit</span> <span class='ocrx_word' id='word_1_343' title='bbox 293 3912 442 3978; x_wconf 79' lang='lat' dir='ltr'>indiciish</span> <span class='ocrx_word' id='word_1_344' title='bbox 464 3934 572 3977; x_wconf 90' lang='lat' dir='ltr'>rerum</span> <span class='ocrx_word' id='word_1_345' title='bbox 596 3912 811 3978; x_wconf 88' lang='lat' dir='ltr'>accidentium</span> <span class='ocrx_word' id='word_1_346' title='bbox 829 3934 927 3996; x_wconf 92' lang='lat' dir='ltr'>quam</span> <span class='ocrx_word' id='word_1_347' title='bbox 946 3914 1078 3997; x_wconf 89' lang='lat' dir='ltr'>proprio</span> <span class='ocrx_word' id='word_1_348' title='bbox 1097 3912 1267 3996; x_wconf 88' lang='lat' dir='ltr'>designare</span> <span class='ocrx_word' id='word_1_349' title='bbox 1285 3933 1340 3976; x_wconf 86' lang='lat' dir='ltr'>vo·</span> 
     </span>
     <span class='ocr_line' id='line_1_43' title="bbox 210 3998 1339 4091; baseline 0.001 -29"><span class='ocrx_word' id='word_1_350' title='bbox 210 3998 335 4063; x_wconf 90' lang='lat' dir='ltr'>cabulo.</span> <span class='ocrx_word' id='word_1_351' title='bbox 373 3999 539 4077; x_wconf 80' lang='lat' dir='ltr'>Quatenus</span> <span class='ocrx_word' id='word_1_352' title='bbox 558 4005 668 4064; x_wconf 85' lang='lat' dir='ltr'>autem</span> <span class='ocrx_word' id='word_1_353' title='bbox 686 4000 720 4063; x_wconf 94' lang='lat' dir='ltr'>in</span> <span class='ocrx_word' id='word_1_354' title='bbox 737 3999 800 4065; x_wconf 92' lang='lat' dir='ltr'>hoc</span> <span class='ocrx_word' id='word_1_355' title='bbox 818 3998 996 4064; x_wconf 86' lang='lat' dir='ltr'>devotionis</span> <span class='ocrx_word' id='word_1_356' title='bbox 1013 4001 1085 4091; x_wconf 77' lang='lat' dir='ltr'>loco</span> <span class='ocrx_word' id='word_1_357' title='bbox 1101 4020 1174 4064; x_wconf 89' lang='lat' dir='ltr'>eum</span> <span class='ocrx_word' id='word_1_358' title='bbox 1189 4001 1339 4084; x_wconf 88' lang='lat' dir='ltr'>episeopo</span> 
     </span>
    </p>
   </div>
   <div class='ocr_carea' id='block_1_3' title="bbox 209 4109 1339 4254">
    <p class='ocr_par' dir='ltr' id='par_1_4' title="bbox 209 4109 1339 4254">
     <span class='ocr_line' id='line_1_44' title="bbox 209 4109 1339 4164; baseline 0.002 -16"><span class='ocrx_word' id='word_1_359' title='bbox 209 4109 414 4161; x_wconf 58' lang='lat' dir='ltr'>umelsnwrhsb.</span> <span class='ocrx_word' id='word_1_360' title='bbox 489 4111 512 4162; x_wconf 90' lang='lat' dir='ltr'>b)</span> <span class='ocrx_word' id='word_1_361' title='bbox 526 4113 723 4162; x_wconf 76' lang='lat' dir='ltr'>cuntisporteorr.</span> <span class='ocrx_word' id='word_1_362' title='bbox 737 4113 824 4152; x_wconf 77' lang='lat' dir='ltr'>cuncus</span> <span class='ocrx_word' id='word_1_363' title='bbox 840 4115 859 4153; x_wconf 86' lang='lat'>1.</span> <span class='ocrx_word' id='word_1_364' title='bbox 931 4111 952 4164; x_wconf 86' lang='grc'>0)</span> <span class='ocrx_word' id='word_1_365' title='bbox 966 4123 987 4160; x_wconf 81' lang='lat' dir='ltr'>q.</span> <span class='ocrx_word' id='word_1_366' title='bbox 1002 4113 1018 4152; x_wconf 89' lang='lat' dir='ltr'>i.</span> <span class='ocrx_word' id='word_1_367' title='bbox 1032 4113 1076 4151; x_wconf 79' lang='lat' dir='ltr'>dcc.</span> <span class='ocrx_word' id='word_1_368' title='bbox 1090 4113 1111 4151; x_wconf 72' lang='grc'>2.</span> <span class='ocrx_word' id='word_1_369' title='bbox 1124 4113 1145 4153; x_wconf 79' lang='grc'>3.</span> <span class='ocrx_word' id='word_1_370' title='bbox 1216 4109 1239 4162; x_wconf 89' lang='lat' dir='ltr'>d)</span> <span class='ocrx_word' id='word_1_371' title='bbox 1252 4111 1302 4151; x_wconf 82' lang='lat' dir='ltr'>etl.</span> <span class='ocrx_word' id='word_1_372' title='bbox 1316 4111 1339 4160; x_wconf 62' lang='grc' dir='ltr'>ἲς</span> 
     </span>
     <span class='ocr_line' id='line_1_45' title="bbox 210 4161 1339 4254; baseline 0.001 -53"><span class='ocrx_word' id='word_1_373' title='bbox 210 4161 568 4254; x_wconf 62' lang='lat' dir='ltr'>iidl0i21.⁰)fld⁰u⁸⁵¹m¹⁸⁵&#39;</span> <span class='ocrx_word' id='word_1_374' title='bbox 630 4163 815 4215; x_wconf 71' lang='lat' dir='ltr'>oallpcstceru,</span> <span class='ocrx_word' id='word_1_375' title='bbox 830 4164 906 4203; x_wconf 73' lang='grc'>01101.</span> <span class='ocrx_word' id='word_1_376' title='bbox 968 4163 1059 4216; x_wconf 67' lang='grc'>3)(10001</span> <span class='ocrx_word' id='word_1_377' title='bbox 1073 4167 1091 4203; x_wconf 91' lang='lat'>1.</span> <span class='ocrx_word' id='word_1_378' title='bbox 1152 4161 1339 4214; x_wconf 66' lang='lat' dir='ltr'>minuissem.</span> 
     </span>
    </p>
   </div>
   <div class='ocr_carea' id='block_1_4' title="bbox 209 4291 1569 4430">
    <p class='ocr_par' dir='ltr' id='par_1_5' title="bbox 209 4291 1569 4430">
     <span class='ocr_line' id='line_1_46' title="bbox 211 4291 1569 4380; baseline 0 -34"><span class='ocrx_word' id='word_1_379' title='bbox 211 4292 236 4358; x_wconf 90' lang='lat'>1)</span> <span class='ocrx_word' id='word_1_380' title='bbox 255 4292 364 4347; x_wconf 71' lang='lat' dir='ltr'>salua</span> <span class='ocrx_word' id='word_1_381' title='bbox 381 4293 500 4358; x_wconf 74' lang='lat' dir='ltr'>seruato,</span> <span class='ocrx_word' id='word_1_382' title='bbox 518 4293 549 4346; x_wconf 82' lang='lat' dir='ltr'>iu</span> <span class='ocrx_word' id='word_1_383' title='bbox 566 4294 677 4348; x_wconf 76' lang='lat' dir='ltr'>lromrlu&#39;c</span> <span class='ocrx_word' id='word_1_384' title='bbox 697 4297 736 4350; x_wconf 83' lang='lat'>15.</span> <span class='ocrx_word' id='word_1_385' title='bbox 753 4295 783 4348; x_wconf 77' lang='lat' dir='ltr'>iu</span> <span class='ocrx_word' id='word_1_386' title='bbox 801 4296 912 4361; x_wconf 72' lang='lat' dir='ltr'>Euaup.</span> <span class='ocrx_word' id='word_1_387' title='bbox 930 4301 956 4350; x_wconf 83' lang='lat' dir='ltr'>ct</span> <span class='ocrx_word' id='word_1_388' title='bbox 974 4295 1049 4350; x_wconf 77' lang='lat' dir='ltr'>Duil.</span> <span class='ocrx_word' id='word_1_389' title='bbox 1068 4293 1123 4359; x_wconf 88' lang='lat' dir='ltr'>IV,</span> <span class='ocrx_word' id='word_1_390' title='bbox 1141 4311 1164 4348; x_wconf 90' lang='lat' dir='ltr'>c.</span> <span class='ocrx_word' id='word_1_391' title='bbox 1184 4295 1223 4349; x_wconf 80' lang='lat'>14.</span> <span class='ocrx_word' id='word_1_392' title='bbox 1254 4291 1339 4346; x_wconf 85' lang='lat' dir='ltr'>MAB.</span> <span class='ocrx_word' id='word_1_393' title='bbox 1567 4343 1569 4380; x_wconf 65' lang='lat'>,</span> 
     </span>
     <span class='ocr_line' id='line_1_47' title="bbox 209 4359 557 4430; baseline 0.006 -16"><span class='ocrx_word' id='word_1_394' title='bbox 209 4359 236 4426; x_wconf 75' lang='lat'>2)</span> <span class='ocrx_word' id='word_1_395' title='bbox 255 4362 337 4416; x_wconf 83' lang='lat' dir='ltr'>Hom.</span> <span class='ocrx_word' id='word_1_396' title='bbox 355 4362 379 4414; x_wconf 84' lang='lat'>7.</span> <span class='ocrx_word' id='word_1_397' title='bbox 397 4362 427 4414; x_wconf 81' lang='lat' dir='ltr'>iu</span> <span class='ocrx_word' id='word_1_398' title='bbox 444 4363 557 4430; x_wconf 70' lang='grc'>1110009.</span> 
     </span>
    </p>
   </div>
   <div class='ocr_carea' id='block_1_5' title="bbox 0 0 1582 5016">
    <p class='ocr_par' dir='ltr' id='par_1_6' title="bbox 0 0 1582 5016">
     <span class='ocr_line' id='line_1_48' title="bbox 0 0 1582 5016; baseline 0 0"><span class='ocrx_word' id='word_1_399' title='bbox 0 0 1582 5016; x_wconf 95' lang='lat' dir='ltr'> </span> 
     </span>
    </p>
   </div>
  </div>
 </body>
</html>
