3154 5016
267 419 301 472 82
687 414 775 470 VITA
792 416 976 471 RIMBERTI.

267 569 473 635 orientalium
500 569 672 634 nacionum
701 590 904 652 quocumque
933 568 1029 634 modo
1058 571 1310 651 nominatarum,
1341 571 1397 654 qui

265 655 432 740 paganicis
455 652 561 719 adhuc
583 654 747 719 erroribus
769 655 984 720 involvuntur.

353 743 381 806 2.
419 740 483 806 Sed
509 740 553 805 ad
578 739 640 805 hoc
663 762 743 825 opus
766 746 951 805 constructa
975 746 1024 805 est
1044 747 1171 806 tantum
1194 747 1226 806 et
1248 741 1398 807 dedicata

265 826 560 910 Hamaburgensis⁸
587 825 725 891 ecclesia
751 827 784 890 in
808 825 945 891 confinio
968 827 1136 892 Danorum
1160 832 1192 892 et
1215 827 1395 909 Slavorum,

265 915 299 977 in
322 915 473 978 extremis
494 912 644 978 videlicet
664 912 813 995 partibus
835 912 998 977 Saxonum
1020 913 1105 978 inter
1128 933 1183 978 eos
1205 916 1261 996 qui
1283 913 1396 978 dicun-

265 1006 320 1064 tur
341 998 570 1080 Nordalbingi;
601 1003 633 1062 et
658 1019 724 1062 una
752 1019 823 1062 oum
849 998 964 1063 incolis
991 999 1137 1064 locorum
1160 999 1273 1064 eadem
1296 1001 1397 1064 eccle-

266 1087 315 1150 sia
340 1085 431 1148 iussu
458 1084 601 1150 eiusdem
628 1084 762 1166 gloriosi
788 1085 994 1168 imperatoris
1018 1082 1127 1149 Caroli
1150 1085 1192 1149 ad
1214 1085 1397 1169 gubernan-

265 1171 342 1235 dum
378 1175 429 1235 est
462 1170 650 1255 presbiteris
687 1171 870 1250 commissa,
908 1170 1009 1235 donec
1044 1177 1203 1253 oportuno
1237 1177 1394 1252 tempore,

265 1256 429 1341 deputatis
456 1257 547 1340 prius
577 1254 619 1320 ad
647 1255 754 1320 locum
781 1255 1017 1340 episcopalibus
1044 1255 1259 1336 sufficientiis,
1290 1257 1395 1321 arehi-

265 1343 450 1426 episoopum
485 1342 625 1406 ibidemb
658 1340 780 1406 faceret
817 1342 1007 1406 consecrari.
1066 1340 1141 1425 Ipso
1178 1348 1285 1406 autem
1320 1348 1396 1406 ante

264 1429 360 1493 huius
383 1427 531 1492 effectum
554 1428 619 1491 voti
642 1448 681 1491 ex
704 1426 765 1492 hac
787 1428 855 1492 vita
877 1427 1016 1507 sublato,
1039 1429 1203 1511 piissimus
1221 1427 1307 1492 filius
1326 1429 1395 1492 eius

264 1516 330 1578 iam
353 1514 459 1579 dictus
477 1513 718 1578 Hluthuwicus⁰
742 1534 814 1577 cum
835 1511 984 1578 fidelibus
1007 1515 1073 1577 suis
1096 1514 1180 1578 hanc
1203 1515 1271 1578 eius
1292 1515 1396 1578 inten-

265 1601 389 1665 cionem
411 1604 602 1678 retractans,
625 1599 829 1681 Ansgarium,
853 1620 997 1663 summae
1015 1601 1198 1664 sanctitatis
1215 1600 1329 1680 virum,
1358 1605 1397 1662 ut

263 1691 357 1770 pater
380 1684 575 1764 decreverat,
606 1685 765 1767 privilegii
787 1684 1071 1769 archiepiscopalis
1095 1691 1127 1750 θῖ
1149 1684 1261 1750 ordine
1284 1692 1316 1750 et
1337 1706 1396 1750 no-

264 1774 350 1836 mine
372 1770 541 1835 sublimari
569 1776 602 1834 et
628 1771 694 1836 iam
716 1770 822 1836 diotae
847 1770 993 1836 novellae
1020 1771 1174 1836 ccclesiae
1196 1770 1396 1856 rudibusque

264 1857 371 1922 adhuc
392 1857 426 1920 in
447 1855 511 1920 fide
533 1856 661 1939 populis
683 1863 842 1921 rectorem
869 1856 1093 1938 augentibus,
1124 1863 1161 1922 ut
1187 1857 1308 1922 dictum
1335 1863 1394 1936 est,

264 1943 400 2008 necdum
432 1940 582 2007 fidelibus
611 1949 814 2025 erogatorem
843 1941 933 2007 verbi
961 1942 1060 2007 divini
1088 1942 1212 2008 fecerat
1239 1942 1393 2008 ordinari.

265 2028 363 2093 Cuius
397 2049 417 2092 a
450 2028 592 2111 pueritia
621 2030 655 2092 in
684 2028 744 2092 Dei
776 2029 892 2093 timore
924 2030 1199 2094 conversationem
1237 2029 1287 2093 vel
1322 2050 1396 2093 oum

263 2115 380 2179 aetatis
411 2135 566 2198 processu
596 2117 753 2179 virtutum
784 2115 995 2193 incrementa,
1028 2121 1085 2179 aut
1112 2115 1243 2198 quantis
1272 2113 1395 2178 inditiis

264 2199 418 2265 divinitus
448 2206 743 2283 praemonstratum
774 2201 817 2264 sit
844 2198 1052 2282 pontificatus
1082 2205 1114 2264 et
1142 2199 1395 2284 praedicationis

160 2306 249 2356 *pase
265 2289 333 2351 eius
363 2284 514 2366 offitium,
544 2289 578 2350 et
606 2285 767 2370 quomodo
797 2306 855 2369 per
881 2284 967 2350 sedis
989 2285 1205 2367 *apostolicae
1226 2285 1396 2370 privilegia

264 2374 332 2437 eius
356 2373 399 2436 sit
421 2373 525 2436 omnis
548 2391 648 2436 causa
670 2372 808 2452 munita,
838 2371 1046 2454 studiumque
1068 2373 1137 2437 eius
1160 2378 1194 2437 et
1215 2371 1395 2455 profectum

263 2459 297 2522 in
326 2456 491 2522 lucrandis
513 2457 582 2522 Deo
614 2457 797 2537 animabus,
828 2478 909 2540 quas
938 2457 987 2522 vel
1016 2458 1050 2521 in
1076 2456 1140 2522 fide
1167 2458 1323 2524 roborare
1344 2457 1395 2521 vel

263 2542 303 2608 de
331 2543 541 2627 paganismo‘l
569 2543 611 2607 ad
640 2544 908 2608 christianitatem
936 2542 1132 2624 perducere⁰
1161 2544 1279 2609 cotidie
1308 2547 1395 2608 sata-

262 2629 373 2712 gebat,
411 2628 557 2711 quisquis
588 2630 670 2694 scire
701 2629 804 2713 cupit,
835 2629 923 2710 legat
952 2628 1099 2694 libellum
1129 2631 1214 2695 vitae
1246 2631 1316 2694 eius
1352 2633 1394 2707 et,

263 2721 406 2798 quantae
429 2715 610 2780 sanctitatis
634 2715 683 2779 vir
704 2715 773 2798 ipse
796 2715 905 2795 fuerit,
927 2715 1112 2798 perpendet.
1160 2715 1226 2780 Nos
1248 2736 1333 2780 nunc
1355 2713 1394 2778 de

263 2803 332 2866 eius
352 2801 534 2865 sanctitatis
554 2801 729 2881 imitatore,
753 2800 849 2864 simul
868 2807 901 2865 et
918 2799 1085 2883 diguitatis
1104 2821 1290 2866 successore
1307 2801 1394 2864 Rim-

263 2887 357 2951 berto
380 2886 541 2970 scripturi,
568 2887 707 2970 qualiter
729 2887 834 2970 primo
857 2886 887 2950 ei
909 2886 1056 2970 cognitus
1078 2887 1122 2951 sit
1143 2893 1177 2952 et
1199 2907 1395 2970 consequen·

264 2977 314 3037 ter
337 2974 469 3052 ascitus,
491 2973 567 3037 hinc
588 2974 653 3038 iam
676 2973 826 3056 persequi
848 2971 1048 3054 incipiemus.

349 3058 377 3122 3.
415 3057 496 3122 Cum
522 3059 587 3123 iam
616 3057 723 3123 diotae
745 3059 870 3123 noviter
892 3057 1060 3122 institutae
1082 3057 1395 3140 Hammaburgensis

263 3144 418 3208 ecclesiae
440 3144 570 3208 termini
593 3150 700 3208 essent
718 3144 857 3227 angusti,
880 3143 972 3208 etad
990 3148 1116 3208 tantum
1138 3142 1287 3223 offitium,
1308 3142 1395 3226 quod

264 3230 414 3311 episcopo
438 3231 507 3294 eius
529 3229 706 3294 iniunctum
729 3229 879 3309 diximus,
903 3236 1049 3312 sumptus
1068 3251 1107 3294 ex
1125 3229 1214 3294 illius
1231 3230 1394 3312 pertinen-

263 3316 318 3379 tiis
347 3315 490 3381 colleotif
519 3335 584 3380 non
613 3313 813 3396 sufficerent,
842 3315 994 3398 ipsosque
1024 3316 1121 3380 etiam
1148 3316 1204 3398 qui
1225 3315 1394 3398 provenire

263 3406 395 3485 possent
421 3400 544 3465 reditus
571 3400 721 3483 frequens
749 3400 877 3466 hostilis
904 3401 1042 3484 irruptio
1070 3401 1132 3465 diri
1156 3406 1241 3481 eret;
1271 3422 1311 3465 ne
1337 3420 1396 3484 per

263 3487 325 3552 hoo
357 3488 405 3551 vir
433 3487 492 3552 Dei
525 3487 726 3571 inpediretur
757 3508 778 3551 a
807 3485 1059 3571 praedicationis
1090 3423 1210 3567 offitio,
1242 3485 1330 3568 quod
1346 3467 1394 3548 ‘in

264 3573 363 3655 gestis
393 3573 462 3637 eius
491 3573 611 3656 legatio
641 3573 683 3637 ad
711 3578 823 3656 gentes
851 3573 961 3637 vocari
991 3571 1086 3652 solet,
1116 3579 1313 3637 memoratus
1335 3571 1394 3634 im·

263 3664 396 3743 perator
418 3659 642 3723 Hluthuwious
669 3657 831 3742 quandam
855 3659 888 3721 in
913 3656 1022 3722 Gallia
1048 3659 1182 3723 cellamg
1214 3656 1394 3722 Thurholth

264 3751 410 3809 vocatam
441 3745 543 3809 eidem
571 3744 725 3826 legationi
743 3743 879 3809 tradidit
895 3749 1050 3826 perpetuo
1069 3745 1270 3808 servituram.
1311 3742 1395 3819 Quo·

265 3829 340 3894 dam
363 3836 470 3895 autem
492 3837 637 3914 tempore
660 3829 795 3894 domnus
814 3828 961 3913 pontifex
980 3828 1099 3894 ibidem
1118 3828 1247 3911 degens,
1269 3828 1397 3911 aspexit

265 3915 422 3998 quosdam
449 3936 568 3999 pueros
596 3915 639 3980 ad
666 3915 849 3980 ecclesiam¹
883 3934 954 3979 cum
983 3915 1055 3980 ioco
1079 3922 1112 3980 θῖ
1133 3915 1283 3980 inanibus
1305 3913 1395 3978 festi-

264 4023 343 4066 nare
365 4000 573 4066 discursibus.
626 4000 770 4077 Quorum
793 4000 923 4084 quidam
946 4001 1031 4065 inter
1053 4006 1177 4065 eeteros
1198 4021 1280 4084 pene
1302 4000 1396 4064 mini-

265 4109 336 4152 mus
358 4089 499 4171 graviter
520 4087 670 4152 incedens
694 4093 726 4152 et
747 4086 887 4171 pueriles
909 4086 1057 4151 levitates
1079 4085 1218 4151 sollicite
1239 4087 1394 4164 devitans,

266 4174 444 4239 orationem
464 4195 537 4238 cum
554 4174 735 4238 reverentia
753 4178 785 4238 et
802 4173 918 4237 timore
935 4173 1068 4255 peregit,
1087 4192 1285 4256 surgensque
1304 4172 1395 4254 signo

266 4260 371 4324 crucis
402 4259 541 4324 frontem
570 4259 706 4324 munivit
738 4265 784 4338 et,
813 4258 907 4341 quasi
936 4259 1124 4323 maturioris
1153 4262 1239 4322 esset
1267 4257 1395 4338 aetatis,

266 4363 288 4429 a)
305 4378 462 4428 Hammaburg.
480 4380 503 4427 ὓς
523 4379 721 4428 Hammenburg.3
740 4389 825 4428 semper.
908 4376 931 4426 b)
948 4378 965 4416 f.
975 4379 990 4418 l.
1005 4379 1025 4418 2.
1095 4376 1116 4429 c)
1134 4377 1258 4417 Hludov.8
1272 4379 1395 4416 cocceam.

266 4430 404 4481 (noem
420 4434 439 4470 1.
489 4428 510 4481 θ)
523 4430 583 4479 prod.
597 4431 616 4480 2,
629 4441 684 4471 corr.
698 4430 758 4480 perd.
776 4437 793 4470 1,
833 4428 962 4480 f)elect11.
1003 4430 1026 4481 g)
1039 4432 1086 4470 111111
1099 4431 1122 4470 ln
1136 4429 1163 4469 G.
1174 4431 1248 4479 posteo
1261 4429 1311 4469 odd.
1328 4432 1346 4478 1,
1360 4429 1396 4468 ubi

266 4483 305 4521 11111
319 4493 329 4520 θ
343 4493 397 4521 corr.
449 4480 472 4530 h)
486 4482 610 4522 ’1111110112Ι
664 4481 680 4531 1)
693 4481 866 4522 ecclesiasticum
879 4482 979 4522 habitum
993 4483 1033 4522 8⁰.
