3154 5016
277 364 312 418 50
535 361 622 417 VITA
641 360 817 416 ANSKARII
835 360 938 416 AUCT.
956 361 1149 418 RIMBERTO.

196 531 265 580 ese.
278 517 383 601 ipsum
405 539 588 580 successores
610 515 688 596 eius,
711 515 874 580 lucrandis
894 516 1033 601 plebibus
1054 518 1238 597 insistentes,
1259 518 1408 582 aduersus

280 612 495 687 temptamenta
534 602 655 665 diaboli
695 603 865 665 ualidiores
903 603 1045 665 eccistant.
1103 604 1269 688 Ipsumque
1285 665 1287 670 ,
1299 604 1407 687 felium

280 699 416 751 nostrum
440 688 506 750 iam
527 687 644 750 dictum
665 687 861 750 Ansleorium
884 689 1036 772 lequtum*
1058 689 1092 750 in
1120 689 1258 752 omnibus
1279 693 1408 752 eircum-

278 795 397 857 quaque
428 772 567 857 pentibus
590 771 778 836 Sueonnm**
804 774 866 836 sice
888 773 1055 838 Dancrum
1080 797 1194 838 necnon
1221 775 1314 838 etiam
1337 773 1408 838 Slu-

281 868 424 933 oorum⁸,
460 859 506 921 oel
540 859 576 920 in
610 859 716 922 ceteris
750 859 931 942 ubicumque
965 859 1033 922 illis
1061 860 1097 922 in
1123 860 1269 944 partibus
1300 862 1408 924 consti-

278 945 352 1007 tutis
378 945 489 1006 diuina
512 944 615 1028 pietas
641 945 751 1007 ostium
779 946 951 1028 aperuerit,
978 945 1137 1030 publicam
1165 946 1409 1030 euanqelizandi

174 1049 267 1101 *pree
282 1029 464 1092 *tribuimus
499 1031 721 1096 auctoritatem.
786 1029 949 1114 Ipsumque
984 1031 1084 1094 sedem
1119 1031 1407 1116 Nordolbinqorum

277 1115 514 1200 Hammaburqb
542 1115 675 1195 dictam,
703 1117 738 1177 in
768 1115 879 1179 bonore
901 1119 1002 1180 sancti
1026 1115 1202 1182 Salvatoris
1227 1127 1409 1201 sanctaeque

277 1204 344 1266 eius
375 1202 575 1264 intemeratae
596 1200 759 1286 penetricis
783 1202 911 1264 Marino
945 1213 1170 1282 consecratam,
1205 1205 1409 1288 archiepisco-

273 1288 380 1373 palem
406 1286 549 1372 deinceps
575 1309 638 1350 esse
667 1287 866 1350 decernimus.
916 1287 1015 1371 Atque
1043 1299 1077 1350 ut
1104 1290 1222 1352 strenui
1241 1289 1408 1373 praedica-

277 1375 372 1436 toris⁰
405 1373 541 1456 episcopi
574 1383 645 1456 post
679 1372 832 1435 decessum
867 1373 971 1437 erebro
1006 1374 1085 1436 dicti
1114 1373 1271 1438 Auslearii
1306 1375 1407 1437 arclsi-

276 1459 413 1542 episcopi
437 1457 591 1541 porsessad
622 1467 764 1540 tantoque
796 1456 900 1543 <fficio
936 1469 1012 1543 apta
1041 1460 1177 1545 eliqotur
1203 1483 1320 1544 semper
1342 1483 1407 1523 suc-

277 1545 380 1622 cessio,
403 1543 457 1606 sub
479 1543 582 1606 diuini
603 1543 717 1605 iudicii
740 1543 933 1607 obtestatione
955 1546 1128 1610 statuimus.
1179 1544 1309 1609 Verume
1331 1547 1406 1630 quia

277 1628 461 1692 Karolus***
486 1650 552 1708 rese,
568 1628 678 1712 frater
700 1629 867 1713 saepedicti
888 1631 972 1714 repis
995 1630 1184 1707 Hludowici,
1203 1641 1275 1715 post
1296 1631 1407 1695 disces·

277 1737 345 1778 sum
372 1715 573 1795 imperatoris
602 1715 708 1798 patris
738 1715 790 1777 sui
823 1716 897 1799 piae
926 1717 1092 1780 memoriae
1120 1717 1304 1780 Hladoseici
1339 1722 1407 1782 abs-

277 1799 348 1863 tulit
378 1823 399 1862 o
425 1800 665 1883 praenominato
698 1801 775 1879 loco,
807 1801 861 1884 qui
891 1800 1009 1863 dicitur
1039 1802 1269 1887 Hammaburq,
1302 1825 1406 1865 mona-

277 1886 404 1948 sterium
433 1885 513 1968 quod
540 1885 720 1970 appellatur
747 1885 907 1965 Turboltf,
937 1897 1037 1970 utpote
1060 1888 1141 1970 quod
1168 1897 1236 1972 post
1259 1889 1407 1972 partitio·

276 1980 365 2033 nemg
392 1971 473 2034 inter·
493 1969 619 2054 fratres
654 1993 723 2033 suos
758 1971 792 2033 in
827 1993 921 2056 reqno
956 1995 1011 2034 suo
1047 1973 1204 2036 coniecere
1236 1973 1405 2048 uidebatur,

277 2057 370 2119 situm
399 2057 434 2118 in
466 2056 650 2119 occidentali
681 2056 838 2136 Francia,
873 2056 974 2141 quodh
1006 2057 1073 2120 illic
1105 2060 1225 2143 qenitor
1255 2082 1329 2122 suus
1363 2058 1407 2121 od

277 2142 518 2226 supplementum
561 2153 589 2204 et
622 2143 734 2204 uictum
770 2143 910 2226 episcopo
944 2153 972 2206 et
1009 2143 1130 2207 clericis
1169 2145 1234 2207 cius
1269 2145 1405 2221 dederat,

278 2249 414 2314 coepere,
444 2228 522 2290 sicut
545 2229 668 2309 fertur,
700 2249 801 2290 omnes
831 2229 971 2292 ministri
1001 2228 1116 2292 altaris
1146 2230 1293 2296 recedere.
1344 2230 1406 2292 De-

268 2312 446 2395 ficientibus
476 2313 587 2397 quippe
618 2313 801 2376 necessariis
830 2314 1015 2398 sumptibus,
1047 2315 1085 2377 ub
1116 2316 1195 2399 ipsis
1222 2325 1408 2378 recesserunt

277 2397 431 2482 pentibus,
461 2409 488 2460 et
519 2399 625 2461 eadem
655 2398 698 2460 ad
727 2409 828 2481 pentes
858 2399 971 2484 leqotio
998 2422 1055 2484 per
1083 2401 1260 2464 huiusmodi
1280 2401 1406 2485 fanum

278 2483 399 2566 defecit.
455 2484 532 2568 Ipso
567 2505 682 2567 quoque
717 2484 895 2568 metropolis
925 2484 1141 2571 Hammaburq
1172 2509 1250 2571 pene
1285 2487 1407 2550 deserta

269 2567 367 2652 facta
389 2578 439 2632 est.
491 2568 595 2653 Iqitur
616 2570 689 2630 dum
714 2569 788 2632 baec
811 2580 989 2654 operentur,
1018 2581 1155 2635 mortuus
1181 2582 1223 2635 est
1243 2571 1406 2634 dioecesis¹

278 2654 455 2717 Bremensis
481 2655 654 2737 episcopus,
683 2677 759 2738 quae
785 2655 856 2717 leuic
883 2658 1028 2740 contipua
1054 2679 1117 2720 esse
1138 2658 1265 2722 dicitur.
1317 2656 1405 2720 Cum-

278 2761 334 2822 que
365 2761 456 2822 saepe
482 2741 583 2802 dictus
614 2761 671 2802 ren
701 2750 728 2802 et
759 2741 838 2803 banc
868 2742 1041 2804 dioecesink
1070 2753 1227 2806 uocantem
1257 2753 1285 2806 et
1314 2742 1405 2804 illam

277 2824 430 2887 novellam
458 2825 680 2887 institutionem
710 2837 843 2889 cerneret
865 2827 1065 2910 deficientem,
1094 2828 1222 2914 insuper
1243 2839 1270 2891 et
1290 2838 1405 2890 utram-

294 2910 343 2972 ue¹
369 2911 448 2973 banc
470 2911 644 2990 ecclesiam,
669 2911 733 2973 Dei
749 2913 943 2996 permittente
965 2913 1079 2976 occulto
1101 2914 1236 2993 iudicio,
1255 2936 1313 2998 per
1336 2912 1405 2975 bar-

274 2933 420 3058 barorum
460 2997 622 3059 saevitiam
662 2996 828 3061 admodum
868 3008 1072 3078 attenuatam,
1114 3021 1258 3082 quaerere
1297 2999 1404 3082 coepit,

275 3081 409 3164 qualiter
449 3081 617 3166 praedicta
660 3082 838 3147 Bremensis
881 3085 1009 3147 ecclesia
1050 3085 1231 3168 praedictae
1269 3084 1405 3148 novellae

275 3166 537 3251 archiepiscopali
565 3169 707 3231 uniretur
737 3192 775 3231 ac
805 3169 1007 3233 subdereturm
1030 3171 1111 3249 sedi,
1141 3182 1245 3234 nostro
1276 3170 1330 3232 ltoc
1358 3191 1405 3231 eo-

275 3261 339 3313 tum
365 3251 527 3316 roborante
548 3252 675 3320 decreto.
733 3253 818 3318 Unde
839 3278 896 3338 per
924 3277 1014 3338 saepe
1035 3256 1228 3319 nominatum
1249 3254 1404 3318 uenerabi-

276 3336 334 3400 lem
355 3339 497 3420 missum,
527 3337 721 3402 Salomonem
746 3340 887 3404 uidelicet
912 3340 1109 3404 Constantios
1135 3341 1271 3405 ciuitatis
1292 3341 1404 3425 episco

335 3519 359 3582 *)
378 3520 406 3570 et
422 3533 583 3573 successores
602 3521 658 3573 eius
676 3520 781 3588 legebus
799 3521 835 3574 B.

320 3586 359 3651 **)
378 3587 537 3651 sueonum,
557 3588 701 3654 Denorum,
720 3589 837 3652 Ferriue,
856 3587 1054 3652 Norweorum0,
1073 3588 1251 3653 Gronlondom
1269 3590 1403 3654 Islondon‚

379 3654 597 3720 scridevinnum,
617 3657 755 3711 Slevorum
769 3674 869 3712 necnon
883 3659 1000 3712 omnium
1014 3659 1263 3727 septentrionalium
1278 3662 1305 3713 et
1319 3661 1404 3713 orien-

378 3723 475 3776 talium
499 3727 637 3778 nationum
660 3737 843 3795 quocumqueu
865 3726 941 3780 modo
964 3729 1181 3781 nominatarumr
1199 3727 1353 3794 delegemus
1376 3730 1404 3779 el

378 3791 431 3846 sibi
457 3793 582 3862 suisques
607 3795 799 3848 successoribus
826 3795 910 3848 vicem
937 3799 1057 3850 nostram
1083 3797 1209 3863 perpetuo
1236 3795 1403 3848 retinendam

378 3861 566 3931 publicamque
585 3862 804 3931 euvangelizandi
821 3863 966 3917 tribuimus
984 3864 1180 3918 auctoritatem.
1215 3865 1251 3917 B.

301 3929 355 3996 ***)
373 3928 487 3984 Karolue
504 3958 539 3968 -
555 3960 589 3968 -
606 3931 672 3985 haec
690 3935 834 4001 agerentur
851 3934 906 3987 des.
924 3933 959 3986 B.

275 4091 297 4140 e)
310 4088 439 4131 sclavorum
452 4093 472 4131 Β.
486 4093 505 4132 3.
563 4093 1080 4144 b)HammeburchB13HemmenburgBit.
1140 4091 1329 4143 emoriemur
1342 4105 1403 4143 corr,

274 4145 299 4180 ut
312 4143 400 4193 uidetur,
414 4143 579 4195 praedicatores,
591 4145 628 4184 esd
637 4149 686 4194 post
698 4145 854 4195 praedicatoris
867 4147 983 4184 restitutum
998 4148 1016 4185 1.
1091 4144 1113 4195 d)
1126 4155 1232 4193 personae
1247 4149 1268 4193 13
1282 4144 1322 4184 filli
1335 4147 1404 4185 nostrl

274 4204 369 4242 persone
382 4197 409 4234 Β.
449 4196 470 4246 e)
483 4207 558 4234 nouum
573 4195 786 4247 connumerem
800 4198 833 4236 48.
850 4196 940 4235 Gemite.
1014 4195 1140 4235 anhult2.
1183 4197 1339 4248 g)psruonem
1353 4198 1402 4238 Μ.

275 4244 299 4295 h)
312 4255 355 4293 quo
368 4247 388 4285 2.
402 4247 421 4285 3.
437 4247 528 4286 —illuc
540 4249 559 4286 2.
613 4247 820 4298 i)d1(y)0eeeece2.
834 4249 854 4286 3.
907 4246 931 4298 k)
944 4247 990 4294 dlly
1025 4249 1143 4288 eumue.
1205 4247 1337 4299 Delumque
1352 4250 1402 4288 Μ.

275 4294 306 4346 ιιι)
324 4297 478 4338 succederetur
494 4301 517 4347 23
539 4299 693 4338 subnecteretur
711 4301 732 4349 ὃς
754 4311 776 4340 ιι.
795 4309 820 4338 ec
839 4308 857 4337 e.
877 4311 896 4338 s.
914 4301 937 4338 in
956 4301 999 4337 loeo
1016 4310 1065 4338 raso
1085 4301 1103 4339 1.
1182 4298 1207 4350 n)
1222 4299 1336 4340 Sweonum
1349 4301 1369 4339 Β
1382 4301 1402 4339 2.

274 4358 286 4385 0
313 4349 447 4388 Norvsorum
465 4350 485 4388 Β
502 4352 524 4400 ²3
543 4351 698 4390 Norwehorum
716 4352 737 4389 B
755 4352 775 4390 3.
854 4348 876 4400 p)
894 4348 1048 4389 Scrirllwlndln
1065 4352 1085 4390 Β
1104 4351 1124 4391 Β.
1203 4351 1226 4404 q)
1244 4360 1330 4400 quoque
1349 4353 1403 4390 Bu.

274 4409 285 4437 r
307 4402 466 4440 nominatorum
480 4412 534 4440 corr.
549 4403 708 4442 nominatarum
721 4403 741 4441 Β
756 4406 775 4441 1.
827 4399 847 4451 e)
860 4401 915 4441 deest
928 4403 949 4440 B
963 4403 982 4440 2.
