3154 5016
430 362 518 418 VITA
536 361 712 416 ANSKARII
729 361 831 416 AUCT.
850 361 1043 418 RIMBERTO.
1266 365 1302 418 49

170 537 327 594 asserens,
349 521 386 579 ut
405 514 496 580 sedes
515 514 721 598 suffraganea
738 515 772 579 in
790 514 1097 598 archiepiscopalem
1111 519 1301 597 verteretur,
1313 533 1382 582 aas.

169 623 228 666 nec
250 622 284 666 se
307 601 424 667 debere
441 601 596 666 honorem
615 601 700 666 sedis
724 602 793 665 sur
810 602 843 664 in
866 602 975 683 aliquo
999 602 1155 680 minuere;
1178 607 1303 684 postre-

170 707 222 752 mo
251 691 373 767 tamen,
403 692 436 751 et
463 689 542 770 ipsis
568 687 698 770 regibus
728 693 761 751 et
791 686 915 751 cunctis
946 687 1042 750 simul
1071 687 1228 770 episcopis
1255 687 1302 752 ibi

169 774 351 857 aggregatis
379 794 439 855 pro
468 771 531 837 hoc
551 774 622 854 ipso
653 793 725 837 eum
753 772 944 856 rogantibus
979 778 1012 837 et
1043 773 1172 836 omnino
1203 793 1303 836 causa

169 859 373 924 necessitatis
392 858 425 921 id
444 858 569 922 licitum
587 858 656 923 fore
672 857 864 937 dicentibus,
883 857 1058 940 respondit,
1080 859 1108 921 si
1122 858 1303 940 apostolica

170 945 365 1009 auctoritate
391 943 591 1024 firmaretur,
622 966 662 1008 ex
693 963 727 1007 se
749 965 876 1026 quoquc
903 949 1010 1008 ratum
1034 964 1112 1008 esse.
1159 942 1228 1020 Quo
1251 965 1301 1008 re·

171 1051 290 1113 sponso
309 1035 451 1112 accepto,
471 1051 545 1094 cum
558 1030 657 1094 etiam
676 1050 786 1094 omnes
801 1028 996 1112 suffraganei
1011 1030 1080 1093 eius
1094 1029 1175 1094 haec
1189 1029 1301 1093 eadem

170 1117 417 1196 consensissent,
440 1116 604 1198 piissimus
626 1136 684 1179 rex
706 1116 771 1180 iam
794 1113 899 1179 dictus
922 1114 1144 1196 Hludowious,
1169 1115 1301 1198 cupiens

170 1208 202 1266 et
231 1203 334 1285 patris
363 1203 415 1268 sui
441 1201 648 1265 elemosinam
678 1202 711 1265 in
741 1200 889 1265 omnibus
919 1207 1129 1283 augmentare
1157 1206 1190 1266 et
1216 1201 1302 1284 quod

170 1289 239 1371 ipse
273 1287 480 1370 disposuerat
513 1307 571 1370 per
607 1287 716 1350 omnia
750 1293 858 1350 ratum
888 1285 973 1366 fieri,
1009 1287 1302 1352 reverentissimum

171 1372 375 1438 Salomonem
398 1371 607 1438 Constantiae
630 1373 769 1437 civitatis
791 1373 978 1455 episcopum
999 1393 1059 1455 pro
1081 1372 1143 1437 hoc
1166 1373 1236 1455 ipsc
1260 1371 1303 1436 ad

171 1459 278 1524 sedem
297 1458 415 1523 direxit
432 1457 654 1541 apostolicam.
691 1457 771 1522 Cum
791 1459 972 1540 quostiam
992 1458 1140 1522 dominus
1160 1464 1192 1522 et
1208 1463 1302 1541 pater

170 1549 282 1609 noster
301 1544 490 1624 anskarius,
514 1544 591 1626 quia
612 1545 756 1627 ipseper
779 1564 813 1607 se
834 1564 898 1607 non
920 1550 1059 1626 poterat,
1082 1542 1183 1608 filium
1207 1564 1300 1607 suum

170 1631 304 1695 fratrem
327 1635 476 1695 nostrum
498 1629 711 1693 Nordfridum
737 1630 826 1693 misit
851 1629 1074 1712 presbiterum.
1120 1629 1202 1706 Quib
1231 1629 1302 1693 olfi-

171 1717 349 1781 ciosissime
377 1737 397 1780 a
424 1715 627 1780 sanctissimo
655 1716 798 1798 suscepti
823 1735 910 1798 papa
932 1713 1103 1795 Nicolao⁰,
1131 1716 1301 1797 legationis

171 1822 249 1866 suae
272 1801 461 1866 mandatum
490 1802 518 1866 ei
540 1801 636 1884 plane
659 1806 692 1865 et
713 1800 853 1865 dilucide
880 1801 1095 1868 retuleruntl.
1141 1801 1203 1878 Qui
1224 1822 1301 1883 pru·

170 1887 282 1952 denter
311 1893 344 1951 et
366 1887 504 1952 sollicite
534 1907 574 1950 ea
595 1907 679 1968 quae
706 1885 748 1950 ab
775 1887 854 1969 ipsis
882 1886 1073 1951 dicebantur
1103 1891 1208 1950 mente
1230 1908 1302 1969 per·

169 1978 314 2038 tractans
338 1977 370 2037 et
389 1973 456 2036 Deo
476 1973 655 2054 inspirante
677 1993 736 2055 pro
759 1971 924 2036 lucrandis
945 1972 1114 2037 animabus
1132 1972 1301 2054 gentilium

170 2059 255 2124 hanc
278 2059 539 2123 constitutionem
562 2059 680 2122 iustam
700 2078 769 2122 esse
791 2058 975 2136 decernens,
998 2057 1197 2122 voluntatem
1215 2058 1301 2138 regis

170 2145 272 2210 nostri
299 2164 359 2208 sua
380 2145 575 2208 auctoritate
597 2141 738 2207 firmavit
747 2143 767 2207 ¹.
814 2143 1013 2227 Denique0·*,
1037 2150 1073 2206 ut
1101 2141 1205 2225 ipsam
1231 2164 1300 2207 rem

171 2229 357 2314 diligentius
376 2229 418 2294 ab
441 2250 479 2294 eo
503 2228 744 2293 elucubratamf
763 2229 966 2293 manifestius
986 2230 1113 2311 aperire
1129 2229 1300 2311 possimus,

169 2315 268 2380 verba
298 2316 399 2398 ipsius
430 2316 634 2397 interponere
665 2313 872 2379 decrevimus.
932 2313 1013 2378 Cum
1053 2315 1135 2379 enim
1169 2334 1300 2378 causam

171 2402 342 2485 legationis
362 2402 429 2464 eius
452 2406 485 2464 et
507 2407 616 2465 cetera
638 2401 785 2482 superius
805 2399 1036 2482 comprehensa
1057 2400 1151 2482 plene
1174 2404 1206 2464 ct
1227 2399 1300 2464 bre·

170 2488 253 2553 viter
287 2487 547 2569 recapitulasset,
584 2484 718 2550 deinces
746 2486 927 2551 subiunxit:
968 2485 1063 2550 Cuius
1098 2486 1301 2571 delegationis

170 2584 197 2636 et
228 2574 425 2637 auctoritatis
455 2583 483 2636 et
512 2572 610 2657 pallii
637 2573 825 2656 acceptionis
852 2574 973 2657 papina
1002 2572 1088 2634 nobis
1116 2582 1160 2635 est
1186 2595 1207 2634 a
1226 2571 1300 2653 filio

169 2670 272 2722 nostro
309 2659 492 2723 Hluclowico
531 2681 589 2742 per
625 2657 819 2721 Salomonem
858 2658 1086 2720 sanctissimum
1124 2658 1300 2740 episcopum

169 2744 363 2823 destinatah,
394 2745 482 2806 iusta
513 2765 626 2806 morem
654 2754 779 2806 sanctae
810 2745 971 2806 Romanae
998 2742 1142 2806 ecclesiae
1170 2741 1299 2806 bullata.

171 2829 232 2893 Per
258 2829 346 2892 cuius
372 2839 503 2892 tenorem
553 2830 667 2912 apinae
694 2829 766 2891 laec
794 2830 840 2891 ita
856 2827 959 2911 fuisse
983 2829 1198 2912 comperimus,
1223 2827 1301 2889 sicut

169 2915 270 2999 pietas
301 2914 389 2978 nobis
420 2915 484 2976 iam
534 2915 582 2976 ati
611 2914 695 2998 repis
723 2936 780 2998 per
801 2913 927 2995 fidelenc
958 2915 1072 2992 uirum,
1105 2909 1301 2975 Salomonem

169 3000 285 3064 scilicet
311 3000 501 3083 episcopum,
527 2999 692 3063 intimavit.
745 2999 831 3063 Unde
857 3021 912 3062 nos
938 2999 1069 3083 uestigia
1095 2999 1176 3060 tanti
1199 2998 1301 3082 ponti-

161 3085 237 3168 ficis
270 3095 297 3148 et
328 3084 577 3170 praedecessoris
607 3085 706 3148 nostri
734 3095 886 3168 sequentes
911 3083 1095 3169 Gregorii“
1127 3105 1300 3167 omnemque

170 3171 215 3234 ibi
239 3171 307 3234 Deo
333 3171 464 3254 dipnam
490 3170 652 3234 statutam¹
684 3171 914 3254 procidentiam
941 3180 1147 3256 apnoscentcs,
1175 3191 1300 3253 magno

169 3279 240 3318 rum
276 3257 456 3340 principum
495 3265 610 3334 uolunt,
651 3255 833 3320 Hludowc'oi
870 3257 1011 3320 uidelicet
1050 3256 1161 3319 divaek
1202 3276 1300 3318 recor-

170 3342 309 3404 dationis
339 3343 464 3427 aupusti
494 3352 521 3404 et
551 3341 709 3424 aequivoci
739 3344 806 3405 eius
828 3342 899 3424 filii
928 3341 1178 3407 encellcntissimi
1207 3340 1300 3423 repis,

170 3437 234 3490 tam
260 3428 350 3491 buius
376 3427 563 3512 apostolicae
590 3427 787 3490 auctoritatis
812 3438 974 3512 praecepto
1001 3449 1094 3510 quam
1117 3427 1209 3489 etiam
1233 3423 1300 3508 pal-

171 3511 209 3574 lii
239 3513 364 3576 (latione
395 3535 478 3576 more
506 3511 776 3596 praedecessorum
811 3522 987 3575 nostrorum
1021 3512 1169 3574 roborare
1201 3509 1301 3571 decre

170 3599 276 3660 vimus.
337 3596 493 3671 Quatinus
527 3606 616 3658 tanta
641 3596 801 3678 fundatus
832 3598 1014 3660 auctoritate
1044 3595 1301 3680 praenominatus

171 3682 364 3761 Anslcarn'us,
398 3683 522 3766 primus
553 3681 840 3768 Nordaldinporum
876 3682 1142 3766 archiepiscopus,
1177 3689 1205 3742 et
1232 3690 1301 3764 post

228 3839 252 3900 *l
271 3837 393 3906 Denique
411 3865 445 3874 -
463 3865 497 3874 —
516 3835 680 3890 decrevimus
699 3837 753 3891 des.
773 3838 808 3890 B.

214 3906 252 3970 **)
272 3906 381 3960 secundi
399 3907 464 3961 add.
482 3906 518 3959 B.

170 4031 192 4081 a)
205 4033 233 4070 tta
250 4034 268 4070 1.
282 4035 304 4081 23
318 4044 358 4073 suc
371 4036 395 4083 ³3
409 4044 449 4093 sup
465 4034 484 4071 Β
497 4037 516 4072 1.
569 4031 593 4082 b)
606 4044 624 4070 c.
638 4033 671 4071 47.
690 4033 732 4070 tna.
749 4031 840 4071 analda
907 4030 928 4080 e)
942 4030 1047 4069 Ntcholso
1060 4031 1079 4067 s.
1142 4028 1164 4078 d)
1177 4027 1301 4066 diluoederc

170 4091 273 4139 tulerunt,
287 4091 358 4131 dentis
371 4103 394 4132 re
408 4095 428 4133 8.
481 4093 502 4142 c)
515 4103 591 4132 nouum
604 4101 650 4139 cap.
665 4089 709 4143 (49)
722 4091 763 4130 ine.
778 4089 830 4130 213.
883 4089 1014 4140 Oelugubr.
1029 4090 1049 4129 11.
1064 4089 1084 4128 8.
1136 4087 1159 4138 g)
1172 4087 1266 4134 dentque
1281 4088 1301 4127 3.

169 4142 194 4193 h)
208 4143 257 4183 dist.
272 4144 292 4182 2.
344 4145 362 4190 l)
377 4147 482 4184 maturam
495 4145 514 4183 8.
567 4141 592 4193 k)
606 4141 663 4182 d'iue
677 4143 696 4182 ³.

173 4247 197 4312 1)
213 4249 249 4301 D.
258 4248 300 4300 31.
310 4249 384 4300 Maii
396 4265 421 4300 a.
434 4249 493 4302 858.
503 4247 570 4300 data
584 4251 623 4300 est
635 4247 711 4299 bulla
725 4247 838 4300 Nicolai
850 4244 906 4311 (ap.
916 4244 1096 4311 Lappenberp
1108 4259 1151 4295 nr.
1161 4241 1204 4306 14,
1214 4256 1244 4306 p.
1258 4243 1299 4294 21.

170 4315 359 4382 interpolatam
379 4316 411 4368 de
428 4332 483 4382 qua
496 4313 531 4381 cf.
548 4315 717 4382 Koppmann
731 4332 760 4382 p.
775 4315 791 4366 6
805 4331 859 4382 sqq.
900 4311 941 4379 Of.
956 4312 1068 4366 Nicolai
1085 4311 1224 4376 epistelam
1242 4311 1302 4375 rapi

170 4385 316 4439 macana
334 4385 472 4451 scriptam,
490 4381 567 4449 Jafft
584 4384 625 4436 ed.
643 4383 667 4436 2.
687 4399 729 4436 nr.
748 4383 824 4438 2758.

1114 4483 1130 4535 4
