3154 5016
252 390 286 446 as
507 388 594 444 vrrs
613 387 788 444 nnsnasn
806 389 908 445 Aser.
927 347 1120 446 arnnsnro.

253 543 434 608 solitarium
463 542 524 608 sibi
551 543 658 607 locum
686 543 817 626 eligens,
848 546 988 611 orationi
1015 553 1047 611 et
1072 546 1203 612 lectioni
1229 545 1374 612 vacabat.

252 631 353 695 Erat⁸
384 629 511 692 autemb
543 634 621 693 tunc
649 629 696 693 ibi
725 631 823 694 etiam
851 653 923 696 cum
952 632 1068 697 domno
1099 634 1217 698 abbate
1246 632 1377 715 quidam

187 720 190 737 '
252 717 353 781 irater
376 715 563 778 monasterii
584 717 682 779 vestri
711 717 839 782 nomine
862 717 1073 784 Autbertus⁰.
1124 719 1186 796 Qui
1209 739 1281 782 cum
1304 739 1376 782 eum

253 801 367 866 nimis‘l
396 799 570 865 sollicitum
594 822 633 865 ac
655 803 781 866 tristem
803 808 836 866 et
857 803 975 868 cotidie
998 806 1163 870 secretime
1191 805 1252 869 sibi
1275 804 1377 868 oonsi-

253 894 336 952 stere
365 892 398 951 et
423 887 543 951 nullius
572 889 734 952 consortio
763 888 813 952 vel
842 889 1002 973 colloquio
1031 891 1080 954 uti
1106 891 1241 970 videret,
1272 890 1378 972 coepit

253 975 282 1038 ei
306 974 454 1055 compati.
491 973 534 1037 Et
555 974 694 1055 quadam
717 973 769 1038 die
791 996 927 1057 pergens
950 976 992 1040 ad
1010 977 1116 1041 locum
1135 977 1191 1041 ubi
1210 977 1243 1040 in
1265 996 1378 1058 supra-

252 1059 341 1124 dicta
368 1059 461 1123 vinea
487 1059 575 1123 solus
608 1059 753 1140 sedebat,
786 1062 892 1144 coepit
923 1061 964 1126 ab
996 1083 1033 1126 eo
1061 1063 1236 1145 inquirere,
1269 1068 1377 1125 utrum

251 1147 407 1210 veraciter
420 1147 710 1228 peregrinationem
724 1145 813 1210 illam
830 1147 926 1212 vellet
943 1149 1112 1231 suscipere.
1154 1148 1215 1226 Qui
1233 1167 1375 1230 sperans,

253 1255 325 1298 eum
347 1233 408 1296 hoc
428 1252 492 1296 non
511 1232 552 1296 oh
572 1233 854 1315 compassionemf,
879 1233 934 1298 sed
952 1242 1084 1317 propter
1104 1236 1257 1300 astutiam
1274 1233 1377 1316 magis

252 1320 427 1403 inquirere,
459 1318 639 1401 respondit:
684 1318 797 1395 ‘Quidss
832 1319 924 1383 vobis
960 1342 1056 1384 curae
1089 1327 1137 1384 est
1168 1341 1264 1402 super
1294 1320 1376 1384 hoc‘?

253 1406 360 1470 Nolite
383 1410 520 1468 mentem
542 1425 646 1469 meam
665 1404 725 1468 tali
749 1405 955 1488 inquisitione
974 1407 1189 1473 conturbare'.
1226 1405 1285 1470 Ille
1301 1427 1377 1469 vero

252 1492 333 1556 nihil
352 1491 480 1555 omnino
499 1513 533 1555 se
553 1489 750 1573 deceptionis
767 1493 801 1554 in
819 1492 880 1556 hac
899 1513 933 1556 re
952 1493 1163 1574 praetendere
1185 1492 1376 1571 testabatur,

252 1579 309 1643 sed
335 1577 437 1658 magis
465 1578 622 1642 veraciter
649 1577 730 1640 scire
751 1577 845 1658 velle,
873 1584 980 1642 utrum
1005 1579 1060 1644 ille
1082 1581 1116 1642 in
1136 1579 1303 1661 proposita
1323 1599 1378 1641 vo-

252 1665 375 1729 luntate
398 1661 583 1745 disponeret
604 1684 818 1745 perseverare.
857 1663 945 1728 Tunc
967 1666 1035 1747 ipse
1058 1665 1285 1748 congratulans
1309 1665 1377 1727 eius

252 1749 495 1828 benivolentiae,
517 1749 695 1831 respondit:
721 1749 799 1832 ‘Ego
821 1750 1038 1834 interrogatus
1062 1753 1168 1830 sumh,
1193 1751 1221 1814 si
1240 1770 1298 1832 pro
1319 1749 1377 1812 Dei

252 1837 379 1900 nomine
397 1835 511 1898 vellem
529 1835 576 1898 in¹
595 1842 704 1916 gentes
722 1835 770 1899 ire
788 1856 932 1917 paganas
952 1836 992 1901 ad
1009 1836 1261 1919 praedicandum
1281 1856 1378 1899 euan-

253 1923 370 2006 gelium
400 1921 531 1985 Christi.
587 1919 647 1984 Cui
676 1923 889 2004 propositioni
921 1924 1001 2004 egoh
1029 1925 1231 2006 nequaquam
1261 1923 1378 1986 renitik

253 2030 352 2073 ausus
384 2007 481 2087 sum¹,
513 2007 611 2071 immo
642 2008 720 2071 totis
751 2007 873 2072 viribus
905 2014 1034 2091 exopto,
1066 2015 1104 2073 ut
1134 2008 1213 2071 mihi
1245 2007 1286 2071 ad
1317 2007 1378 2071 hoc

253 2096 346 2178 copia
365 2093 459 2157 detur
477 2093 583 2172 eundi,
602 2093 772 2176 nullusque
791 2093 832 2158 ab
850 2094 911 2158 hae
928 2095 1103 2159 intentione
1118 2100 1256 2159 mentem
1274 2114 1379 2156 meam

252 2183 450 2244 immutarem
472 2179 611 2261 poterit'.
652 2179 741 2244 Tunc
762 2179 930 2262 praefatus
948 2180 1051 2245 frater
1073 2182 1103 2245 ei
1125 2179 1303 2263 respondit:
1328 2178 1380 2242 ‘Et

253 2288 311 2350 ego
333 2272 366 2331 te
388 2287 563 2349 numquam
584 2266 691 2348 patiar
713 2265 815 2329 solum
835 2267 892 2345 ire,
916 2266 972 2331 sed
990 2288 1048 2348 pro
1068 2267 1128 2330 Dei
1146 2287 1256 2330 amore
1273 2270 1379 2329 tecum

252 2352 432 2437 proficiscin
458 2352 566 2434 cupio,
593 2357 721 2415 tantum
747 2357 784 2415 ut
813 2352 922 2416 domni
952 2352 1081 2417 abbatis
1108 2352 1187 2415 mihi
1215 2352 1379 2415 licentiam

253 2439 424 2522 impetres'.
470 2437 633 2501 Firmata⁰
656 2438 766 2519 itaque
788 2439 872 2502 inter
895 2459 949 2502 eos
971 2437 1053 2503 haer
1073 2439 1224 2520 religiosa
1247 2458 1379 2500 conven-

253 2527 350 2604 tione,
372 2524 519 2588 redeunti
538 2523 649 2588 ahbati
667 2524 736 2605 ipse
755 2523 867 2588 obvius
886 2525 991 2588 astitit
1011 2531 1052 2603 et,
1072 2524 1159 2607 quod
1177 2523 1239 2588 sibi
1258 2523 1379 2586 socium

254 2614 415 2677 inventum
442 2609 590 2689 haberet,
619 2611 674 2692 qui
701 2609 796 2672 huius
818 2609 1026 2692 profectionis
1050 2631 1155 2674 comes
1178 2629 1248 2673 esse
1270 2608 1379 2672 volun-

252 2699 356 2763 tarius
382 2696 490 2775 vellet,
518 2695 678 2760 indicavit.
725 2694 824 2759 Cuius
850 2716 1020 2778 personam
1049 2717 1120 2760 cum
1148 2696 1250 2760 abbas
1277 2694 1378 2776 inqui·

254 2790 354 2863 reret,
378 2790 410 2847 et
432 2782 486 2846 ille
509 2782 643 2846 fratrem
666 2780 858 2846 Antbertum
880 2783 1074 2860 nominaret,
1097 2782 1199 2845 multo
1222 2779 1379 2844 miraculo

254 2870 433 2952 obstupuit,
456 2888 659 2951 nequaquam
680 2873 807 2950 putans,
833 2888 914 2946 eum,
938 2868 993 2950 qui
1016 2873 1048 2932 et
1069 2867 1186 2931 nobilis
1209 2867 1379 2948 prosapiae

254 2959 287 3020 in
310 2955 438 3020 saeculo
461 2960 493 3018 et
514 2953 601 3036 apud
620 2974 693 3018 eum
710 2959 787 3018 tuno
805 2953 975 3018 familiaris
994 2975 1033 3018 ac
1049 2959 1124 3036 post
1141 2955 1247 3036 ipsum
1265 2951 1380 3015 domus

196 3086 198 3092 ,
255 3044 323 3107 eius
350 3047 542 3124 procurator
573 3038 768 3118 habebatur,
798 3040 878 3104 talia
905 3040 994 3104 velle.
1047 3040 1244 3104 Advocatum
1272 3043 1381 3101 tamen

254 3150 326 3193 eum
362 3147 458 3209 super
491 3126 554 3190 hoc
585 3126 803 3208 interrogavit.
863 3125 924 3202 Qui
959 3125 1139 3207 respondit,
1177 3144 1381 3206 nequaquam

254 3226 306 3279 seq
328 3214 397 3296 pati
418 3232 525 3294 posse,
556 3218 593 3276 ut
620 3211 675 3275 ille
704 3211 791 3274 solus
820 3212 895 3290 iret3
929 3211 985 3275 sed
1012 3234 1072 3294 pro
1104 3210 1224 3275 Christi
1252 3211 1380 3273 nomine

254 3322 289 3365 se
318 3298 399 3362 velle
428 3299 458 3361 ei
485 3298 600 3361 solatio
629 3302 662 3361 et
687 3295 849 3360 adiutorio
875 3296 960 3376 fieri,
990 3299 1018 3361 si
1049 3318 1141 3361 suam
1167 3302 1200 3360 et
1226 3295 1381 3360 fratrumr

254 3386 390 3451 haberet
418 3384 592 3448 licentiam.
648 3381 707 3446 Cui
733 3381 869 3446 domnus
896 3383 1012 3464 abbas,
1043 3406 1077 3448 se
1104 3383 1256 3446 daturum
1284 3381 1381 3444 licen-

253 3473 349 3551 tiam,
381 3471 409 3534 si
431 3469 484 3534 ille
508 3475 681 3552 spontanee
707 3468 790 3532 hanc
816 3468 1049 3551 profectionem
1077 3469 1222 3550 eligeret,
1251 3486 1381 3548 respon-

254 3559 315 3637 dit,
346 3557 469 3621 nullum
499 3563 608 3619 tamen
639 3556 684 3618 eis
714 3575 753 3618 ex
782 3554 906 3619 iamiha
932 3567 1009 3618 sua⁸
1040 3556 1189 3620 comitem
1219 3553 1260 3617 ad
1290 3553 1380 3616 obse-

254 3645 366 3728 quium
398 3643 520 3706 servitii
552 3641 795 3725 deputaturum,
832 3641 894 3705 nisi
930 3640 1013 3705 forte
1048 3643 1125 3724 ipsit
1163 3640 1304 3721 aliquem
1339 3637 1381 3700 ad

254 3731 316 3794 hoc
347 3749 522 3812 provocare
551 3733 698 3812 possent,
734 3732 771 3790 ut
803 3748 862 3790 sua
889 3734 1001 3809 sponte
1029 3749 1102 3791 cum
1129 3727 1175 3790 eis
1202 3726 1250 3789 ire
1275 3723 1379 3788 vellet.

254 3817 325 3880 Hoc
361 3820 468 3878 autem
502 3813 694 3878 venerabilis
730 3812 831 3876 abbas
872 3833 935 3876 non
971 3812 1011 3877 de
1045 3811 1250 3877 inaffectione
1285 3809 1381 3873 facie-

254 3903 321 3981 bat,
356 3900 411 3964 sed
442 3901 519 3981 quia
552 3898 769 3964 abominabile
802 3919 840 3962 eo
870 3904 1015 3980 tempore
1046 3903 1079 3962 et
1109 3898 1264 3961 iniustum
1296 3894 1382 3958 vide·

254 3989 366 4066 hatur,
396 3992 432 4050 ut
461 3987 532 4067 quis
559 3986 677 4048 invitus
704 3985 788 4048 inter
816 4004 959 4067 paganos
990 3983 1172 4048 conversari
1203 3988 1379 4065 cogeretur.

256 4144 280 4194 a)
294 4155 313 4184 e.
324 4144 356 4184 l‘l.
374 4141 463 4182 scaldo.
516 4139 540 4191 b)
553 4145 582 4180 et.
592 4141 607 4179 t.
618 4151 638 4188 q.
649 4140 664 4178 1.
676 4149 694 4177 c.
706 4149 725 4176 a.
736 4139 762 4177 fr.
777 4139 806 4178 8⁸
824 4137 910 4188 (domno
924 4136 993 4188 deest).
1056 4137 1076 4189 c)
1089 4137 1173 4178 Authb.
1188 4138 1207 4176 Β
1216 4138 1239 4187 ²3
1253 4137 1324 4176 Auen.
1335 4137 1381 4192 B.⁸=

256 4198 274 4236 ct
288 4197 383 4244 scapos.
423 4193 446 4242 d)
461 4192 511 4232 soll.
525 4203 547 4232 n.
563 4193 616 4231 scil.
656 4190 915 4240 e)secretume·.138.
930 4189 1053 4230 -lhlen.
1068 4192 1095 4229 Β.
1136 4189 1210 4240 f)non
1224 4189 1381 4238 compassionis

255 4247 350 4286 nocet.
417 4244 441 4296 g)
454 4243 644 4293 Quid-uenia,
657 4240 775 4290 respondit.
798 4243 844 4290 Ego
858 4242 954 4282 desen.
1020 4242 1175 4290 moresne.
1242 4240 1258 4290 1)
1272 4242 1330 4278 luter
1342 4240 1381 4286 8¹,

254 4297 626 4347 eorr.1n1;v.imrep.g.ns.
690 4293 967 4343 niceanaaoirenur.
1027 4294 1185 4343 nexuum.
1239 4290 1381 4342 m>p.l.3u

255 4349 301 4400 (qui
314 4349 421 4397 nequem
434 4350 496 4388 veroa
509 4349 576 4390 frater
589 4347 636 4386 elne
649 4344 748 4395 εσνίροίἰ).
763 4347 789 4385 Β.
851 4345 875 4396 n)
889 4343 1013 4394 proficiscar
1026 4348 1041 4385 t.
1056 4347 1105 4385 Ba.
1165 4344 1185 4396 o)
1198 4356 1272 4384 novum
1285 4353 1331 4390 cap.
1340 4340 1382 4392 (18)

255 4401 358 4441 inea&
374 4401 465 4440 occido
516 4400 540 4452 p)
552 4403 597 4438 tam
606 4400 633 4438 B.
685 4400 707 4448 q)
721 4407 742 4434 n.
757 4406 822 4444 posse
835 4398 880 4448 peti
893 4398 920 4436 Β.
972 4396 992 4447 r)
1006 4397 1033 4437 tr.
1048 4407 1137 4437 cuorum
1152 4398 1203 4436 Bt.
1257 4393 1382 4445 s)dmtB.

255 4452 272 4503 t)
285 4452 367 4502 ipsl-
380 4462 430 4491 oum
443 4453 475 4492 eis
489 4452 532 4491 dee.
547 4453 566 4490 Β
580 4452 601 4490 2.
