3154 5016
429 397 516 452 VITA
534 397 709 452 ANSKARII
727 395 830 453 lucr.
848 397 1041 452 RIMBERTO.
1266 402 1299 456 65

174 550 302 630 ceteris,
338 571 419 634 quos
449 551 533 616 inter
562 571 706 634 paganos
737 556 811 616 ante
843 554 1068 632 constituerat,
1101 553 1301 620 denuntiavit

175 635 406 718 sacerdotibus,
426 641 462 701 ut
479 637 598 701 nullius
614 637 738 720 aliquid
751 640 1014 721 concupiscerent
1027 660 1130 722 neque
1143 646 1299 722 peterent,

174 723 232 786 sed
265 728 302 786 ut
332 723 434 804 magis
468 723 612 806 exemplo
645 724 732 788 beati
763 723 878 788 Paulia
910 725 1050 808 apostoli
1080 726 1142 808 ipsi
1174 747 1301 809 quoque

173 809 322 872 manibus
354 810 422 872 suis
453 808 641 874 laborarent
672 815 704 874 et
733 810 820 875 victu
851 831 889 875 ac
919 812 1107 876 vestimento
1139 812 1301 876 contentib

174 899 294 975 essent,
321 896 374 977 pie
402 915 456 959 eos
484 894 696 959 adhortatus⁰
722 902 778 960 est.
825 896 947 973 Quibus
974 904 1080 961 tamen
1107 897 1176 980 ipse
1199 905 1231 963 et
1253 919 1301 962 se-

174 980 330 1062 quacibus
359 1001 470 1045 eorum
498 981 651 1064 quicquid
672 983 890 1047 necessarium
913 982 1090 1063 habebant,
1116 984 1303 1067 insaporet

175 1067 202 1130 si
224 1066 303 1148 quid
324 1087 383 1149 pro
406 1067 518 1130 amicis
541 1066 748 1150 adquirendis
771 1067 913 1132 dandum
941 1073 1024 1150 erat,
1053 1069 1092 1132 de
1119 1090 1178 1134 suo
1201 1071 1302 1135 abun-

174 1151 310 1217 denter<1
332 1152 547 1218 ministrabat.

259 1240 333 1303 34⁸
372 1239 473 1303 Porro
496 1239 580 1302 inter
601 1237 661 1302 has
679 1238 872 1321 multiplices
890 1239 1060 1322 variasque
1079 1241 1302 1322 angustiarum

173 1345 356 1408 pressurae,
384 1345 478 1407 quas,
505 1325 554 1389 uti
581 1326 913 1406 commemoravimus,
942 1325 982 1390 de
1009 1326 1120 1390 eadem
1142 1327 1303 1411 legatione

174 1410 307 1493 passusf
334 1417 391 1490 est,
414 1411 490 1475 licet
512 1410 628 1490 divina,
652 1415 688 1474 nt
708 1411 912 1494 praedictum
935 1416 992 1492 est,
1019 1433 1145 1496 semper
1166 1415 1302 1497 inspira-

174 1497 261 1560 tione
278 1496 498 1577 roboraretur,
521 1518 561 1560 ne
580 1507 621 1560 ag
643 1502 756 1579 coepto
776 1497 947 1561 desisteret
964 1518 1070 1580 opere,
1094 1505 1202 1564 tamen
1224 1521 1303 1582 quo-

175 1583 258 1664 queh
271 1582 393 1647 Ebonis
411 1583 580 1646 memorati
593 1582 759 1647 Remensis
778 1582 1022 1667 archiepiscopi,
1042 1585 1098 1666 qui
1116 1585 1200 1650 hanc
1217 1585 1304 1669 lega-

176 1669 297 1731 tionem
323 1668 427 1750 primo
454 1674 653 1751 susceperat,
680 1689 745 1732 non
766 1668 891 1733 modice
915 1690 987 1733 omn
1009 1671 1043 1734 in
1064 1670 1126 1734 hac
1150 1692 1248 1735 causa
1271 1677 1304 1736 et

176 1753 302 1818 devotio
325 1754 441 1818 mentis
464 1760 498 1818 et
517 1754 624 1820 fervor
642 1754 872 1819 consolabatur
894 1756 1001 1820 animi.
1048 1755 1212 1839 Siquidem
1234 1758 1303 1840 ipse

175 1839 289 1903 intimo
314 1860 373 1923 pro
396 1841 563 1904 vocatione
590 1841 732 1924 gentium
758 1839 900 1922 flagrans
928 1842 1058 1924 spiritu,
1086 1843 1204 1926 iugiter
1231 1865 1304 1907 eum

176 1924 217 1988 ad
243 1924 318 1990 fidei
341 1927 478 2008 gratiam
500 1927 534 1990 in
555 1932 664 2008 partes
686 1927 766 1990 istas
787 1927 1055 2010 promulgandam
1081 1929 1240 1993 incitabat
1262 1934 1303 2010 et,

176 2017 212 2074 ut
235 2017 349 2095 coepta
370 2033 434 2075 non
456 2011 628 2092 desereret,
653 2017 782 2076 strenue
805 2012 1038 2078 commonebat.
1076 2012 1175 2078 Cuius
1197 2015 1304 2080 verbis

177 2096 409 2161 exhortationis
433 2104 465 2162 et
483 2099 623 2162 maximo
644 2097 759 2162 ardore
777 2099 902 2178 mentis,
926 2119 990 2181 quo
1009 2098 1051 2163 ad
1068 2098 1137 2179 hoc
1149 2100 1303 2181 fervebat,

176 2183 237 2246 iste
259 2183 374 2248 beatus
397 2183 446 2246 vir
467 2190 671 2266 provocatus,
694 2183 915 2248 indubitanter
938 2183 1036 2249 officii
1059 2185 1121 2249 sibi
1142 2186 1304 2251 commissi

177 2290 287 2333 curam
315 2268 446 2350 agebat,
474 2290 533 2333 nec
559 2270 669 2353 aliqua
690 2290 845 2352 umquam
866 2270 1139 2335 incommoditatis
1163 2271 1304 2336 adversi-

177 2359 244 2418 tate
270 2376 290 2418 a
317 2359 430 2437 coepto
459 2375 555 2438 opere
577 2355 677 2419 averti
699 2360 837 2439 poterat.
883 2356 940 2420 Eti
968 2356 1044 2421 licet
1065 2358 1233 2421 innumera
1254 2358 1304 2422 fu-

177 2441 261 2505 erint
276 2440 435 2524 praedicti
452 2439 613 2523 pontificis
632 2442 780 2506 suasoria
797 2442 930 2521 monita,
949 2443 1066 2525 quibus
1083 2449 1177 2526 pater
1194 2451 1305 2509 noster

177 2527 290 2591 intimo
311 2527 539 2591 consolabatur
557 2526 684 2610 gaudi0,
704 2527 791 2591 illius
809 2533 917 2592 tamen
934 2548 1059 2611 semper
1071 2530 1305 2594 recordabatur

177 2613 344 2692 sermonis,
369 2633 463 2695 quem
486 2613 525 2677 de
547 2611 645 2677 huius
666 2613 836 2696 legationis
860 2635 959 2678 causa
979 2615 1012 2678 in
1032 2615 1146 2680 ultimo
1166 2617 1304 2680 collocu-

175 2698 273 2761 tionis
301 2719 378 2761 suae
404 2698 547 2763 habuere
574 2704 726 2782 tempore.
772 2699 854 2762 Nam
881 2721 953 2763 cum
976 2699 1111 2764 domnus
1135 2703 1304 2784 episcopus

176 2788 298 2862 noster,
323 2783 534 2848 dinumeratis
557 2785 679 2865 multis,
705 2785 873 2868 quaesibi
897 2787 1111 2869 contigerant,
1137 2789 1302 2870 angustiis,

177 2868 254 2950 quid
283 2868 322 2932 de
350 2868 461 2933 eadem
491 2870 652 2953 legatione
684 2871 745 2934 sibi
773 2870 950 2951 videretur,
979 2873 1085 2954 ipsum
1113 2873 1301 2956 requireret,

176 2954 367 3037 qualemque
397 2955 648 3021 consolationem
679 2955 741 3020 sibi
770 2977 866 3039 super
896 2956 958 3021 hoc
987 2957 1093 3022 dicere
1121 2959 1229 3038 vellet,
1262 2958 1303 3023 ab

176 3039 231 3103 *eo
250 3040 387 3106 sollicite
404 3049 599 3125 exposceret,
622 3043 687 3123 ille,
706 3043 799 3124 quasi
817 3043 1004 3126 prophetico
1024 3042 1154 3108 afflatus
1173 3045 1298 3127 spiritu,

175 3126 355 3209 respondit:
389 3127 514 3192 ‘Certus
536 3129 627 3208 sicr,
650 3129 764 3212 inquit,
788 3129 884 3211 ‘quia,
907 3129 994 3211 quod
1016 3151 1074 3194 nos
1098 3152 1157 3214 pro
1182 3130 1302 3195 Christi

175 3213 303 3276 nomine
332 3213 501 3279 elaborare
531 3216 706 3298 coepimus,
738 3213 933 3280 fructificare
963 3215 1063 3280 habet
1090 3217 1124 3281 iu
1153 3217 1301 3281 Domino.

176 3297 257 3362 Nam
280 3299 327 3362 ita
350 3305 399 3363 est
419 3299 498 3363 fides
522 3321 601 3380 mea,
625 3304 658 3364 et
680 3301 726 3364 sic
747 3298 882 3365 firmiter
901 3302 1006 3382 oredo,
1030 3304 1128 3366 immo
1146 3305 1303 3367 veraciter

176 3385 252 3464 scic,
272 3385 358 3466 quia,
378 3386 439 3450 etsi
458 3386 630 3469 aliquando
649 3391 780 3469 propter
796 3393 930 3469 peccata
947 3388 1185 3470 quodammodo
1204 3390 1302 3472 impe-

176 3468 278 3533 ditum
298 3469 405 3551 fuerit,
425 3471 512 3553 quod
526 3469 626 3558 [nost]
640 3471 750 3534 inillis
766 3474 926 3555 coepimus
940 3473 1099 3554 gentibus,
1117 3495 1180 3537 non
1194 3481 1302 3537 tamen

175 3575 328 3637 umquam
350 3557 477 3638 penitus
500 3558 739 3638 extingueturm,
763 3557 819 3621 sed
841 3556 1049 3622 fructificabit
1066 3560 1099 3622 in
1117 3558 1178 3622 Dei
1195 3561 1303 3639 gratia

176 3646 209 3704 et
230 3641 483 3723 prosperabitur,
507 3663 672 3726 usquequo
694 3644 859 3726 perveniat
880 3663 995 3706 nomen
1014 3643 1143 3707 Domini
1163 3643 1301 3709 adfines

176 3725 264 3790 orbis
286 3727 417 3790 terrae'.
462 3726 572 3792 Haec¹¹
594 3729 703 3811 itaque
725 3727 805 3792 fides
824 3728 887 3792 luit
909 3749 1029 3809 eorum,
1052 3728 1114 3794 hac
1136 3731 1302 3795 voluntate

176 3818 358 3877 exterarum
388 3813 530 3894 gentium
559 3811 638 3877 fines
666 3813 841 3896 petierunt,
876 3814 970 3877 huius
998 3815 1163 3896 religionis
1193 3837 1302 3881 amore

175 3918 232 3979 pro
252 3898 389 3962 Domino
413 3904 624 3980 certaverunt,
648 3920 667 3962 a
689 3919 752 3981 quo
775 3905 808 3964 et
827 3902 1005 3983 praemium
1023 3901 1145 3966 laboris
1165 3903 1215 3966 sui
1234 3904 1302 3966 sine

176 3981 275 4046 dubio
296 3985 476 4067 percepturi
502 3989 585 4052 sunt.
630 3985 734 4049 Huius
757 3985 935 4049 devotionis
957 3987 1105 4052 voluntas
1129 3987 1170 4052 ab
1193 3989 1300 4052 animo

176 4067 315 4131 domini⁰
336 4076 368 4133 et
385 4072 488 4152 patris
506 4071 609 4136 nostri
627 4091 801 4154 numquam
820 4072 962 4151 recessit,
982 4079 1014 4137 et
1026 4094 1085 4158 pro
1104 4074 1207 4138 salute
1225 4093 1302 4154 gen-

175 4188 198 4236 a)
216 4188 277 4227 Petri
294 4191 387 4237 apostoli
410 4195 432 4229 et
445 4192 510 4231 Psult
522 4194 544 4240 23
564 4193 609 4232 aull
627 4195 645 4231 ct
663 4193 713 4232 stoli
731 4192 774 4232 aliu
792 4203 855 4232 manu
872 4194 896 4231 in
914 4195 957 4232 loco
974 4204 1022 4232 ruso
1040 4195 1060 4233 3.
1113 4193 1136 4245 b)
1149 4196 1266 4242 contempti
1280 4196 1300 4234 2.

175 4239 195 4289 c)
208 4239 276 4279 adort.
290 4243 310 4280 2.
367 4241 389 4292 d)
403 4242 454 4282 hab.
469 4246 488 4283 2.
553 4243 745 4294 e)('18)2?3;'l'l.
763 4245 854 4284 suado.
919 4244 971 4293 hp.
986 4255 1005 4284 e.
1020 4246 1035 4283 l.
1050 4245 1094 4284 div.
1110 4247 1191 4286 utdea.
1206 4248 1265 4295 231).
1280 4257 1299 4285 e.

175 4292 191 4330 l.
207 4291 250 4332 div.
265 4293 308 4331 der.
323 4293 343 4330 3.
402 4293 529 4345 giriacum
544 4297 665 4345 acceptos.
723 4295 1143 4346 h>ad0mn1qu0qusnobon1sa3.
1195 4298 1211 4346 i)
1226 4309 1300 4336 novum

175 4345 217 4382 tac.
232 4355 278 4393 cap.
292 4341 403 4394 (ts)s?3;
417 4347 449 4385 78.
466 4347 555 4386 samm.
625 4345 650 4397 k)
664 4349 745 4388 sumi.
761 4349 781 4386 3.
849 4347 867 4397 1)
884 4348 940 4386 deest
954 4351 973 4387 1.
1045 4348 1076 4398 m)
1090 4349 1244 4400 extinueturi,
1258 4361 1300 4390 ree.

175 4405 238 4484 asgup
249 4407 303 4486 ¹colrr.
318 4398 448 4436 extenuetur
461 4398 480 4436 8.
548 4397 572 4448 n)
585 4411 660 4438 novum
674 4411 721 4444 cap.
737 4398 780 4450 (80)
793 4399 836 4438 ine.
850 4401 871 4439 2.
884 4400 906 4447 3;
921 4401 953 4439 ‘19-
971 4400 1060 4441 sualua.
1127 4397 1148 4450 o)
1162 4400 1234 4440 domni
1247 4413 1300 4443 corr.

204 4457 248 4484 mn
285 4477 289 4486 .

1061 4539 1078 4592 5
