3154 5016
442 360 529 417 VITA
548 359 723 414 ANSKARII
741 359 845 415 AUCT.
864 361 1059 425 RIMBERTO.
1281 366 1313 419 61

185 521 321 603 pientes,
345 516 387 582 ad
409 516 508 581 aliam
530 514 645 579 urbem
668 513 821 596 ipsorum,
845 536 928 597 quae
945 516 1114 598 Apulia⁸·¹
1137 516 1314 599 dicebatur,
1329 532 1396 581 853.

186 604 284 669 effero
313 603 409 669 corde
437 601 665 686 properabant.
717 599 838 664 Erant*
865 606 972 665 autem
1002 605 1035 665 in
1057 623 1096 666 ea
1118 604 1198 668 urbe
1225 607 1316 686 quin-

187 691 290 756 decim
313 690 404 754 milia
425 687 592 752 hominum
615 685 819 751 bellatorum.
865 684 945 749 Cum
968 689 1078 770 itaque
1095 688 1152 752 illc
1171 689 1316 754 advenis-

187 783 268 857 sent,
292 775 452 840 conclusis
474 773 553 856 ipsis
576 773 609 836 in
633 771 770 852 civitate,
794 771 849 834 isti
872 793 892 835 a
912 771 992 836 foris
1011 773 1122 837 urbem
1143 773 1315 856 debellare,

186 862 235 926 illi
262 861 303 925 de
329 863 417 924 intus
441 879 575 943 coepere
596 857 732 922 viriliter
753 876 946 939 repugnare;
976 858 1023 922 illi
1046 859 1238 924 intrinsecus
1261 861 1315 926 de-

186 948 372 1027 fendebant,
393 946 448 1010 isti
462 945 603 1010 exterius
617 943 863 1025 impingebantb.
903 941 1020 1025 Sisque
1033 945 1234 1010 transierunt
1247 947 1315 1012 dies

188 1041 273 1113 octe,
303 1038 340 1096 ut
369 1031 455 1097 omui
484 1031 535 1095 die
565 1051 585 1094 a
613 1049 706 1093 mane
733 1049 835 1111 usque
862 1028 905 1092 ad
930 1049 1097 1113 vesperam
1125 1030 1315 1099 dimicantes

186 1119 272 1185 bello
295 1119 467 1198 instarent,
496 1115 644 1181 etmulti
666 1114 741 1179 hinc
768 1121 801 1180 et
827 1113 901 1178 inde
928 1114 1092 1196 caderent,
1123 1123 1238 1182 neutra
1266 1125 1315 1184 ta-

187 1227 259 1271 men
285 1226 363 1288 pars
384 1203 553 1268 victoriam
578 1201 752 1265 obtineret:
783 1203 874 1264 cum'o
899 1220 972 1265 ecce
994 1220 1079 1266 nono
1103 1201 1154 1266 die
1175 1205 1315 1286 populus

188 1292 349 1357 Sueonum
372 1290 499 1354 diutina
522 1285 619 1351 caede
642 1285 799 1368 fatigatus
822 1287 927 1368 coepit
949 1289 1125 1370 angustari,
1149 1294 1181 1353 et
1201 1290 1315 1356 timido

187 1376 284 1444 corde
311 1394 538 1459 expavescens,
565 1371 628 1435 hoc
650 1371 753 1436 solum
777 1372 934 1454 cogitare,
963 1373 1124 1454 quomodo
1147 1373 1221 1437 inde
1244 1397 1315 1440 eva-

187 1463 308 1528 derent.
362 1461 463 1541 ‘Hic',
489 1459 653 1541 inquiunt,
683 1462 761 1521 ‘nou
782 1456 982 1540 proficimus,
1012 1465 1044 1523 et
1066 1480 1163 1523 naves
1185 1467 1316 1526 nostrae

185 1549 314 1631 longius
337 1547 476 1613 absunt’.
521 1543 604 1608 Nam
627 1543 768 1626 quinque
789 1543 924 1623 dierum,
948 1550 985 1607 ut
1001 1545 1230 1627 praediximus,
1254 1548 1316 1613 iter

187 1640 258 1700 erat
285 1633 327 1698 ad
351 1640 497 1717 portum,
525 1631 558 1693 in
585 1650 648 1711 quo
676 1650 773 1693 naves
801 1649 911 1693 eorum
934 1631 1073 1696 stabant.
1126 1629 1206 1695 Cum
1229 1655 1315 1718 erge,

187 1719 265 1803 quid
292 1719 355 1785 sibi
382 1724 467 1783 esset
492 1715 664 1800 agendum,
691 1715 826 1779 nimium
853 1716 978 1780 turbati
1001 1717 1192 1781 omnimodis
1214 1721 1317 1784 nesci-

186 1812 273 1886 rent,
301 1804 521 1888 quaerendum
546 1801 687 1866 sortibus
711 1806 908 1882 statuerunt,
935 1807 1044 1865 utrum
1068 1802 1113 1866 dii
1136 1825 1247 1868 eorum
1270 1807 1316 1871 eis

186 1892 304 1958 vellent
326 1890 487 1968 auxiliari,
510 1894 547 1952 ut
568 1887 618 1952 vel
638 1887 807 1952 victoriam
830 1892 983 1971 caperent
1002 1888 1051 1952 vel
1071 1890 1133 1953 vivi
1151 1890 1225 1954 iude
1245 1912 1316 1956 eva-

188 1978 309 2042 derent.
361 1975 469 2040 Missis
498 1975 609 2057 itaque
636 1973 791 2052 sortibus,
822 1973 980 2038 neminem
1008 1974 1157 2054 deorum,
1188 1977 1243 2058 qui
1271 1979 1316 2042 eis

187 2063 332 2128 subsidio
356 2083 426 2126 esse
447 2060 552 2140 vellet,
574 2059 739 2142 repperire
760 2063 945 2141 potuerunt.
991 2059 1083 2134 Quod
1105 2081 1177 2124 oum
1196 2061 1317 2127 denun-

187 2149 330 2214 ciaretur
356 2149 389 2211 in
414 2146 549 2230 populo,
577 2145 721 2209 ululatus
749 2151 781 2207 et
807 2145 945 2226 gemitus
967 2145 1142 2209 immensus
1165 2150 1317 2212 exortus(1

187 2241 237 2301 est
262 2236 295 2299 in
323 2235 454 2314 castris,
485 2232 652 2314 omnisque
673 2231 776 2294 virtus
799 2230 841 2295 ab
864 2230 910 2294 eis
932 2232 1075 2294 recessit.
1122 2231 1246 2313 ‘Quid’,
1269 2235 1317 2297 in-

188 2321 311 2403 quiunt,
336 2318 493 2383 ‘infelices
516 2318 620 2382 acturi
644 2317 776 2380 sumus?
816 2316 870 2380 Dii
892 2322 1095 2381 recesserunt
1116 2339 1136 2381 a
1158 2318 1261 2399 nobiS,
1286 2327 1319 2385 et

187 2407 295 2470 nullus
314 2426 424 2470 eorum
444 2403 574 2468 adiutor
593 2406 643 2467 est
658 2402 771 2466 nostri.
814 2401 884 2479 Quo
902 2403 1083 2483 fugiemus?
1119 2402 1202 2468 Ecce
1221 2427 1317 2470 naves

187 2498 318 2558 nostrae
339 2491 467 2574 longius
491 2496 565 2554 sunt
585 2488 726 2572 positae,
754 2487 1017 2572 fugientibusque
1046 2489 1153 2570 nobis,
1184 2491 1238 2554 isti
1269 2493 1317 2555 in-

188 2583 357 2661 sequentes
391 2576 451 2641 61θ
488 2575 750 2640 internetionemf
786 2595 845 2638 nos
878 2574 1039 2640 delebunt.
1098 2575 1207 2651 Quaeg
1240 2598 1316 2659 ergo

186 2663 281 2728 nobis
304 2663 366 2728 erit
388 2662 496 2745 spesl'
538 2660 639 2725 Cumh
659 2661 770 2742 itaque
792 2661 826 2723 in
848 2666 941 2725 tanta
963 2667 1069 2725 essent
1091 2662 1241 2743 angustia
1260 2684 1317 2744 po-

188 2750 252 2828 siti,
276 2746 407 2830 quidam
425 2747 672 2829 negotiatorum,
693 2766 852 2810 memores
871 2747 1036 2811 doetrinae
1056 2752 1088 2810 et
1105 2748 1317 2812 institutionis

189 2834 297 2898 domni
325 2833 480 2916 episcopi,
511 2852 682 2914 suggerere
709 2832 755 2895 eis
778 2838 965 2915 coeperunt:
1003 2832 1129 2912 ‘Deus',
1158 2833 1316 2915 inquiunt,

189 2920 454 2984 ‘christianorum
486 2918 672 2981 multotiens
701 2916 744 2980 ad
772 2939 806 2981 se
836 2918 1049 2982 clamantibus
1080 2918 1256 2983 auxiliatur
1286 2925 1318 2984 et

187 3005 430 3089 potentissimus
458 3004 562 3068 estin
585 3002 775 3067 adiuvando.
828 3004 1041 3083 Quaeramus,
1069 3024 1110 3067 an
1132 3003 1187 3069 ille
1209 3006 1317 3070 nobis-

189 3113 260 3156 cum
283 3111 353 3155 esse
374 3090 461 3169 velit,
485 3094 519 3153 61
539 3095 614 3154 vota
637 3091 666 3154 ei
683 3088 805 3170 placita
822 3089 936 3154 libenti
955 3091 1062 3154 animo
1081 3090 1315 3173 spondeamus'.

189 3176 339 3242 Omnium
360 3177 471 3259 itaque
492 3181 609 3257 rogatu
632 3173 768 3258 supplici
790 3177 890 3240 missa
912 3182 962 3241 cst
984 3196 1063 3254 sors,
1090 3181 1123 3239 et
1144 3177 1316 3259 inventum,

188 3261 275 3345 quod
302 3262 450 3328 Christus
477 3261 523 3326 eis
550 3263 647 3327 vellet
672 3260 834 3325 auxiliari.
888 3261 978 3339 Quod
1006 3282 1078 3325 cum
1105 3263 1235 3345 publice
1262 3263 1317 3328 de-

187 3350 375 3413 nunciatum
401 3348 526 3412 cunctis
548 3347 750 3426 innotuisset,
779 3349 922 3412 omnium
945 3346 1044 3410 corda
1066 3347 1114 3410 ita
1137 3349 1243 3412 subito
1264 3370 1317 3413 ro-

187 3434 305 3499 borata
326 3439 414 3510 sunt,
445 3440 482 3497 ut
503 3433 670 3498 confestim
694 3432 736 3496 ad
759 3434 872 3499 urbem
896 3431 1141 3515 expugnandam
1163 3433 1316 3514 intrepidi

186 3520 304 3584 vellent
332 3518 495 3583 accedere.
547 3518 672 3598 ‘Quid',
701 3517 864 3600 inquiunt,
895 3523 994 3582 ‘nuuc
1020 3517 1114 3580 nobis
1141 3517 1316 3582 formidan-

189 3604 264 3668 dum
287 3604 402 3686 quidve
423 3603 603 3686 pavendum
626 3605 695 3668 est?
744 3602 891 3668 Christus
920 3608 970 3667 est
990 3602 1172 3680 nobiscum;
1197 3624 1317 3686 pugne-

188 3711 258 3753 mus
286 3699 319 3753 et
345 3688 481 3753 viriliter
507 3708 655 3770 agamus,
683 3689 764 3753 nihil
791 3690 885 3755 nobis
913 3688 1043 3753 obstare
1071 3688 1200 3769 poterit
1250 3688 1317 3753 Nec

247 3827 272 3895 *)
291 3829 375 3882 Erant
392 3856 426 3864 —
443 3826 605 3880 bellatorum
627 3827 681 3881 dea.
697 3829 731 3888 B.
750 3828 800 3881 ubi
822 3834 847 3882 et
867 3827 1006 3895 sequentia
1023 3831 1162 3880 contracta
1184 3828 1316 3894 leguntur.

188 3946 209 3996 ι)
222 3947 303 3996 Appnl.
320 3947 410 3988 mado.
458 3944 482 3994 b)
495 3946 652 3994 Impugnabant
666 3947 684 3986 1.
728 3945 749 3995 c)
762 3947 823 3986 cte.
841 3946 931 3986 cunda
984 3944 1229 3994 mercenorum.
1247 3946 1316 3984 XVII.

187 4009 240 4037 corr.
255 4003 342 4038 exortm
355 4001 376 4039 3.
429 4008 531 4047 susque
545 3997 572 4036 ad
585 3999 605 4036 3,
652 3997 1128 4046 oiuternlcionem251ntsmsntionamm.
1144 4007 1161 4034 c.
1177 3997 1247 4036 XVII.
1262 4009 1316 4036 corr.

187 4050 353 4142 ateramum
366 4052 385 4090 3.
427 3997 451 4101 gi
464 4049 586 4098 Quiusrgo
600 4050 662 4089 nobis
676 4051 718 4088 arft
731 4050 790 4100 (spes
804 4049 867 4099 116611)
880 4049 930 4090 2.1.
970 4047 1082 4099 maecum
1096 4046 1247 4098 captemus.
1261 4047 1317 4097 IIS,

188 4186 214 4253 1)
234 4187 322 4241 Haud
339 4188 419 4240 dubia
437 4189 529 4241 Putea
551 4188 581 4241 tn
600 4187 752 4243 wanda
777 4189 814 4242 ad
840 4187 1010 4244 Wc'ndcwam
1028 4186 1154 4252 ,daciam
1183 4187 1221 4238 D.
1263 4185 1317 4239 Sed

188 4256 333 4348 ί6111111111
350 4257 366 4309 1.
381 4257 407 4322 t,
424 4258 472 4324 qut
488 4258 575 4310 locum
589 4258 757 4336 Appulelccl
770 4257 887 4324 Ampulc
904 4258 933 4309 ia
952 4256 1055 4310 clarus
1073 4272 1099 4307 a.
1114 4255 1181 4308 1253
1199 4252 1319 4336 (Ruspe,

185 4325 268 4461 plag}
284 4325 404 4449 gal,
428 4339 456 4391 p.
474 4325 533 4380 327.
555 4325 616 4392 335)
633 4333 816 4392 aomanorum,
841 4327 889 4378 scd
906 4340 980 4378 canc
999 4323 1178 4414 destructum,
1203 4324 1317 4392 catellam
