3154 5016
445 413 532 468 VITA
551 411 726 468 ANSKARII
745 412 847 469 Aaou
866 413 1057 468 RIMBERTO.
1222 433 1223 436 ¹
1279 415 1314 470 43

190 568 279 633 vobis
305 589 370 632 non
399 567 582 632 defuturam
605 567 767 632 sentietis'.
818 569 958 651 Accepto
981 568 1091 650 itaque
1113 567 1155 632 ab
1179 588 1216 631 eo
1240 589 1315 632 oon-

191 653 272 734 silio,
297 655 403 719 cuncti
425 655 592 718 unanimes
616 659 648 719 et
668 654 843 719 voluntarii
866 658 1027 734 exeuntes
1052 654 1135 718 sieut
1157 652 1219 717 sibi
1241 674 1315 718 eon-

190 740 370 805 suetudinis
398 745 481 820 erat,
509 741 542 804 in
571 761 731 824 eampum,
760 761 820 823 pro
847 740 1039 805 liberatione
1062 741 1132 803 suii
1160 740 1314 804 ieiunium

190 831 222 891 et
257 826 448 891 elemosinas
483 825 612 891 domino
647 825 775 891 Christo
809 826 1010 891 devoverunt.
1068 825 1222 892 Interimb
1258 847 1316 890 rex

189 912 356 995 praefatus
385 934 457 976 eum
480 912 580 976 Danis
604 924 719 994 11111ο
748 913 868 995 eoepit,
895 919 932 977 ut
954 918 1040 976 sorte
1062 913 1314 996 perquirerentl,

189 1003 297 1062 utrum
320 997 485 1063 voluntate
508 997 640 1063 deorum
662 999 752 1063 loous
771 999 840 1081 ipse
858 999 900 1064 ab
919 1000 965 1064 eis
984 997 1201 1063 devastandus
1221 1004 1313 1062 esset.

190 1083 323 1163 ιΜ11111’,
351 1085 469 1167 inquit,
498 1084 558 1149 ‘ibi
586 1090 661 1148 sunt
687 1085 732 1149 dii
758 1090 906 1167 potentes
934 1090 967 1150 et
992 1085 1114 1166 magni,
1144 1084 1190 1148 ibi
1218 1085 1315 1148 etiam

191 1169 328 1235 ecelesia
351 1171 428 1235 olim
450 1176 633 1235 constructa
656 1176 717 1250 est,
747 1176 780 1235 et
802 1171 929 1235 cultura
953 1170 1073 1235 Christi
1096 1192 1116 1234 a
1138 1170 1247 1234 multis
1270 1170 1315 1235 ibi

190 1256 373 1321 christianis
404 1257 574 1337 exeolitur,
605 1257 660 1340 qui
689 1257 885 1321 fortissimus
913 1262 963 1322 est
991 1257 1125 1321 deorum
1153 1261 1185 1320 et
1210 1261 1317 1338 potest

189 1342 394 1424 sperantibus
417 1344 451 1406 in
473 1364 507 1408 se
529 1363 659 1425 quoquo
682 1342 797 1407 1111111θ
825 1343 894 1408 vult
916 1343 1077 1410 auxiliari.
1125 1342 1315 1408 Necessario

190 1449 265 1511 ergo
295 1428 513 1510 quaerendum
543 1435 605 1509 est,
637 1434 746 1494 utrum
775 1429 884 1493 divina
913 1429 955 1494 ad
983 1429 1046 1494 hoo
1075 1429 1240 1493 voluntate
1268 1431 1316 1492 in-

191 1515 351 1578 citemini’.
402 1514 495 1591 Quod
517 1513 580 1595 illi,
608 1515 685 1597 quia
707 1516 754 1579 sio
776 1515 862 1597 apud
886 1536 940 1580 eos
962 1517 1062 1579 moris
1085 1519 1169 1594 erat,
1197 1535 1316 1597 nequa·

189 1620 286 1682 quam
313 1600 455 1665 abnuere
477 1606 661 1683 potuerunt.
715 1600 903 1677 Quaesitum
927 1606 976 1666 est
997 1602 1096 1685 igitur
1120 1600 1261 1665 sortibus
1285 1606 1318 1666 et

189 1687 364 1766 inventum,
394 1686 482 1770 quod
511 1708 583 1751 eum
612 1707 671 1750 sua
698 1687 761 1751 hoo
788 1688 1003 1770 prosperitate
1033 1687 1217 1752 nullatenus
1245 1709 1317 1770 per-

188 1769 285 1836 ficere
312 1778 457 1855 possent,
487 1793 589 1855 neque
615 1772 721 1837 looum
748 1773 853 1856 ipsum
876 1795 987 1838 eorum
1010 1773 1270 1856 depraedationis
1298 1794 1317 1836 a

191 1858 259 1922 Deo
291 1879 486 1924 conoessum.
540 1858 663 1923 Iterum
695 1860 878 1942 quaesitum
909 1865 971 1940 est,
1003 1861 1037 1924 in
1065 1881 1162 1943 quam
1191 1865 1317 1942 partem

189 1943 266 2007 ituri
294 1951 413 2022 essent,
444 1944 499 2009 ubi
526 1945 588 2010 sibi
610 1947 777 2027 pecuniam
806 1945 1026 2028 adquirerent,
1050 1945 1106 2009 *ne
1128 1946 1212 2009 forte
1233 1967 1316 2009 vana
1330 1964 1418 2014 *1.111.

189 2050 245 2111 spe
267 2029 417 2095 frustrati
440 2031 480 2094 ad
499 2052 559 2095 sua
576 2032 670 2095 vacui
688 2037 877 2096 remearent.
920 2031 1107 2115 Ceciditque
1126 2052 1206 2110 sors,
1229 2031 1317 2114 quod

189 2115 231 2178 ad
262 2116 376 2181 urbem
408 2116 571 2200 quandam
602 2117 728 2197 longius
759 2117 833 2181 inde
863 2119 1004 2199 positam
1035 2119 1068 2182 in
1098 2116 1217 2182 finibus
1247 2117 1317 2182 Sla-

188 2214 321 2266 rorumg
348 2203 396 2266 ire
419 2201 573 2266 deberent
583 2203 602 2266 ¹.
648 2202 718 2266 Hoc
741 2223 816 2284 ergo
840 2203 903 2282 illi,
925 2203 1075 2268 videlieet
1095 2203 1195 2283 Dani,
1224 2204 1317 2286 quasi

191 2286 342 2352 divinitus
367 2288 428 2353 sibi
451 2289 644 2370 imperatum
667 2288 848 2369 eredentes,
877 2311 897 2352 a
919 2290 991 2354 loeo
1013 2294 1191 2355 memorato
1213 2311 1317 2354 reces-

192 2378 304 2437 serunt
330 2379 363 2438 et
385 2373 427 2438 ad
448 2374 562 2439 urbem
583 2375 688 2457 ipsam
711 2374 834 2440 directo
857 2376 972 2440 itinere
993 2380 1217 2459 properarunt.
1269 2376 1317 2440 ir-

190 2464 383 2542 ruentesque
419 2481 515 2542 snper
549 2461 675 2544 quietos
710 2467 743 2525 et
775 2481 886 2526 secure
919 2461 1104 2526 habitantes
1135 2462 1316 2546 improvise,
1402 2529 1406 2548 ,

191 2545 353 2610 civitatem
379 2545 471 2610 illam
499 2547 597 2610 armis
625 2554 812 2629 coeperunt,
843 2552 875 2612 et
902 2549 1005 2631 eaptis
1028 2549 1062 2611 in
1085 2569 1123 2612 ea
1145 2548 1256 2631 spoliis
1279 2570 1318 2613 ao

190 2630 351 2695 thesauris
379 2633 502 2712 multis,
534 2632 577 2696 ad
604 2653 663 2696 sua
689 2634 808 2697 reversi
836 2639 918 2697 sunt.
971 2633 1041 2699 Rex
1066 2629 1150 2698 vero
1163 2634 1231 2715 1111,
1262 2637 1317 2717 qui

191 2716 233 2780 ad
261 2737 314 2780 111
342 2717 586 2799 depraedandos
613 2724 757 2799 venerat,
784 2740 864 2801 paee
891 2741 964 2784 oum
987 2721 1032 2784 eis
1054 2719 1235 2799 foederata,
1265 2742 1316 2784 ar·

191 2807 331 2886 gentum,
354 2803 442 2885 quod
464 2803 505 2868 ab
530 2804 575 2867 eis
598 2824 700 2887 nuper
722 2811 905 2888 acceperat,
934 2805 1079 2870 reddidit
1101 2811 1134 2870 et
1155 2805 1241 2888 apud
1262 2827 1317 2870 eos

191 2887 381 2970 aliquandiu
403 2889 538 2968 resedit,
566 2890 675 2954 volens
697 2891 805 2972 gentih
833 2912 910 2956 suae
936 2891 1148 2956 reconciliari.
1202 2892 1317 2976 Sicque

190 2974 320 3037 Domini
352 2976 458 3056 gratia
488 2979 622 3058 propter
652 2974 747 3039 fidem
780 2977 862 3040 servi
894 2979 944 3041 sui
972 2977 1135 3060 Herigarii
1163 2979 1317 3061 populum

190 3059 277 3124 illius
304 3060 367 3124 loei
390 3061 431 3126 ab
454 3061 597 3125 hostium
620 3062 752 3125 incursu
774 3062 931 3141 liberans,
960 3064 1053 3129 bonis
1076 3065 1143 3128 11111
1164 3065 1315 3129 restituit.

191 3146 261 3222 Quo
284 3145 381 3226 facte,
405 3147 472 3230 ipse
496 3147 528 3210 in
553 3153 710 3212 conventu
727 3148 839 3230 populi
856 3149 986 3232 publieo
1006 3150 1140 3214 eandem
1157 3171 1225 3214 rem
1243 3172 1318 3233 pro-

190 3233 301 3314 posuit
322 3238 363 3312 et,
387 3239 433 3313 ut,
457 3234 529 3316 quis
552 3233 631 3298 deus
653 3238 747 3314 esset,
770 3236 924 3300 intentius
942 3237 1155 3319 perviderent,
1178 3239 1316 3302 monuit:

194 3317 288 3398 ‘Heu,
311 3319 446 3399 miseri’,
470 3319 588 3400 dicens,
613 3319 677 3384 ‘vel
698 3321 763 3384 iam
786 3342 872 3386 nune
889 3322 1073 3406 intellegite,
1097 3322 1183 3406 quod
1202 3344 1318 3387 vanum

191 3405 234 3468 sit
263 3403 521 3489 andaemonibus
551 3405 707 3470 auxilium
735 3413 857 3489 petere,
888 3409 942 3491 qui
968 3430 1033 3473 non
1058 3413 1194 3491 possunt
1216 3409 1318 3474 tribu-

190 3489 345 3554 lantibus¹
374 3491 552 3555 subvenire.
600 3490 759 3571 Suseipite
781 3491 878 3557 fidem
901 3493 1021 3557 domini
1043 3496 1106 3557 mei
1129 3493 1202 3557 Iesu
1225 3493 1318 3558 Chri-

192 3575 247 3653 sti,
277 3597 372 3658 quem
399 3576 563 3658 probastis
591 3577 716 3640 11111111Ιζ
742 3599 853 3642 verum
880 3600 964 3658 esse,
993 3582 1047 3662 qui
1077 3579 1168 3643 vobis
1194 3581 1317 3644 nullum

190 3660 386 3725 habentibus
407 3663 567 3746 refugium
586 3684 664 3727 suae
681 3664 898 3728 miserationis
916 3664 1033 3730 tribuit
1051 3665 1212 3730 solatium.
1253 3665 1318 3730 No-

190 3747 247 3812 lite
278 3746 365 3812 ultra
391 3748 552 3813 culturam
580 3750 838 3830 superstitiosam
865 3771 1019 3833 quaerere
1046 3757 1078 3816 et
1103 3751 1192 3815 inani
1220 3753 1317 3816 saeri-

190 3831 264 3896 fioio
291 3832 380 3898 idola
401 3834 492 3899 vobis
514 3834 653 3916 placare.
703 3833 824 3900 Verum
846 3836 965 3916 Deum,
993 3839 1047 3921 qui
1072 3839 1212 3902 omnium
1235 3860 1318 3920 qnae

191 3919 225 3981 in
255 3919 352 3983 caelis
384 3926 416 3985 et
444 3921 479 3984 in
507 3921 602 3985 terris
633 3926 709 3984 sunt
738 3921 937 4002 dominatur,
976 3924 1077 3988 colite
1105 3930 1138 3988 et
1170 3924 1232 4006 ipsi
1261 3945 1317 3988 vos

192 4003 328 4069 subicite
357 4005 522 4089 ipsiusque
551 4006 817 4089 omnipotentiam
844 4007 1009 4074 adoratel’
1055 4010 1200 4092 Denique
1229 4010 1316 4091 ipse¹

192 4123 214 4171 a)
228 4123 329 4163 sibiae.
369 4126 393 4176 b)
407 4137 481 4166 nwum
490 4139 536 4176 cap.
546 4125 588 4176 (ia)
598 4125 707 4178 iac‚2?3;
720 4139 738 4166 1.
748 4129 782 4168 io.
798 4128 890 4169 Guatdo.
934 4129 955 4179 e)
969 4134 1044 4176 ageret
1057 4131 1075 4170 3.
1116 4129 1317 4180 11))1111111111113.

192 4174 612 4226 11111111111111111111111111.
666 4179 900 4230 odepredetioneaa
953 4181 1169 4232 g)sclsvoruma.a.
1213 4180 1318 4230 h)gentis

192 4239 245 4266 oorr.
255 4227 315 4275 genti
324 4228 343 4266 3.
396 4228 412 4280 i)
421 4231 583 4279 tribulantibus,
591 4242 655 4271 manu
663 4242 681 4271 a.
692 4232 761 4271 XVII.
773 4243 827 4272 corr.
837 4233 950 4272 tribulatis
959 4236 977 4282 3,
991 4237 1010 4273 u
1023 4236 1053 4274 itu
1062 4236 1091 4282 ὗς
1103 4233 1280 4274 tribulationibus
1290 4236 1317 4274 B.

191 4279 216 4329 k)
228 4289 306 4318 verum
321 4278 392 4318 Deum
405 4283 424 4321 3.
477 4281 494 4330 l)
508 4283 594 4322 1111113.

193 4381 219 4446 1)
237 4385 282 4438 De
300 4397 426 4450 111111
444 4390 555 4439 coastat.
592 4387 696 4454 Krane,
714 4384 824 4442 ‘Geraia
843 4388 889 4442 der
907 4388 1088 4442 Esthaiaehea
1112 4387 1317 4443 Vollssiamms'

189 4467 219 4517 p.
233 4452 285 4506 457
302 4469 328 4504 a.
347 4452 381 4506 de
399 4453 506 4507 ciuitate
524 4455 554 4507 ia
568 4455 698 4523 partibus
717 4457 873 4524 Nowqorod
891 4457 1024 4524 eoqituoit.
