3154 5016
254 370 288 424 62
511 365 597 422 vrri
615 365 791 422 ANSKARII
809 365 912 422 AUCT.
931 365 1125 422 RIMBERTO.

174 535 241 584 050.
256 521 359 586 deerit
376 519 470 584 nobis
489 525 577 584 certa
595 520 741 600 victoria,
760 521 836 604 quia
853 522 1111 605 potentissimum
1129 522 1264 586 deorum
1278 521 1383 586 nostri

255 607 435 672 adiutorem
459 605 636 670 habemus'.
678 605 890 687 Conglobati'
912 628 988 690 ergo
1007 629 1127 688 omnes,
1150 607 1236 672 laeto
1256 612 1287 671 et
1304 607 1383 670 forti

255 694 362 757 animo
393 690 433 754 ad
464 691 690 756 debellandam
717 691 855 774 proiecti
883 700 956 756 sunt
983 693 1106 758 urbem.
1159 692 1321 775 Cumque*
1349 694 1384 756 in

255 779 392 843 circuitu
419 779 584 841 astantesb
608 797 746 859 pugnam
774 778 856 841 inire
882 779 1013 859 vellent,
1042 779 1083 844 ab
1110 779 1161 842 his
1188 779 1243 861 qui
1269 779 1383 842 intrin-

255 885 347 928 secus
375 869 468 926 erant
492 862 692 946 postulatum
720 867 782 942 est,
811 868 849 926 ut
876 865 970 946 copia
992 865 1038 928 eis
1062 864 1196 928 daretur
1217 863 1381 945 loquendi.

256 949 348 1026 Quod
371 969 443 1012 curn
465 970 523 1012 rex
542 948 703 1013 Sueonum
727 951 902 1029 annuisset,
925 949 973 1013 illi
996 951 1159 1015 subsecuti
1178 956 1266 1015 sunt:
1303 950 1382 1014 ‘No-

151 1053 241 1104 *aua
255 1037 305 1100 bis
327 1036 393 1098 iam
416 1033 496 1117 *pax
519 1035 621 1117 magis
644 1055 741 1116 quam
762 1055 870 1117 pugna
887 1035 1003 1118 placet,
1027 1040 1059 1100 et
1081 1035 1195 1100 foedus
1216 1035 1381 1100 vobiscum

252 1123 334 1185 inire
358 1122 512 1203 cupimus.
549 1120 592 1184 Et
611 1123 717 1203 primo
741 1120 870 1203 quidem
894 1121 1047 1204 quicquid
1066 1143 1105 1185 ex
1123 1122 1256 1204 00101110ο
1275 1120 1383 1185 Dano-

252 1229 323 1271 rum
351 1208 527 1290 praeterito
555 1226 640 1270 anno
667 1207 700 1269 111
727 1227 806 1269 auro
834 1211 867 1270 et
893 1208 991 1271 armis
1019 1207 1265 1290 adquisivimus,
1291 1207 1383 1271 vobis

252 1315 312 1376 pro
338 1313 470 1356 munere
497 1291 636 1356 foederis
664 1290 787 1355 damus.
834 1292 957 1356 Deinde
983 1314 1042 1375 pro
1066 1313 1259 1376 unoquoque
1280 1293 1383 1356 homi-

253 1401 330 1443 num
363 1381 396 1443 in
430 1377 492 1442 hac
524 1377 605 1442 urbe
636 1379 884 1442 constitutorum
916 1377 1082 1442 dimidiam
1111 1379 1230 1442 libram
1258 1378 1383 1460 argenti

254 1465 430 1544 offerimus,
460 1469 491 1528 et
512 1464 644 1545 insuper
667 1483 811 1542 censum,
835 1483 930 1545 quem
953 1472 1049 1529 antea
1072 1464 1269 1545 solebamus,
1291 1464 1382 1528 vobis

253 1550 500 1633 persolvimusl,
531 1555 563 1613 et
592 1548 677 1612 datis
705 1548 886 1628 obsidibus,
916 1549 1034 1615 abhinc
1060 1550 1197 1615 subiecti
1225 1555 1256 1613 et
1283 1549 1383 1614 obau-

253 1636 392 1716 dientes,
420 1635 516 1699 sicuti
543 1639 639 1698 antea
666 1633 798 1714 1111111110,
826 1641 932 1698 vestro
959 1635 1094 1719 imperio
1122 1656 1191 1700 esse
1214 1636 1381 1700 volumus'.

254 1721 334 1786 Cum
359 1721 440 1785 hacc
466 1722 577 1803 itaque
604 1719 716 1783 oblata
742 1719 876 1800 fuerint,
908 1721 1045 1785 necdum
1071 1727 1181 1787 tamen
1209 1722 1308 1785 animi
1335 1722 1383 1785 iu·

253 1830 367 1872 venum
398 1806 506 1870 sedari
537 1811 701 1889 poterant,
740 1827 849 1869 verum
882 1807 1056 1871 alacriores
1085 1807 1165 1871 facti
1201 1813 1234 1871 et
1262 1807 1384 1889 absque

253 1900 341 1958 metu
362 1893 572 1975 imperterriti
593 1912 739 1974 pugnare
761 1897 888 1956 tantum
906 1891 1136 1973 desiderantes,
1160 1897 1259 1957 armis
1278 1913 1312 1956 se
1329 1915 1383 1955 ur-

253 1980 326 2045 bem
356 1986 388 2042 et
418 1979 526 2042 omnia
556 1997 640 2060 quae
668 1976 826 2042 haberent
851 1984 1035 2042 vastaturos
1061 1979 1212 2062 ipsosque
1239 1979 1383 2062 captivos

253 2065 452 2130 abducturos
482 2062 640 2128 dicebant.
690 2062 778 2127 Reue
806 2083 881 2127 vero
911 2070 944 2128 et
971 2065 1132 2147 principes
1159 2065 1281 2128 saniori
1309 2085 1383 2127 con-

254 2151 326 2214 silio
350 2150 480 2214 dextras
504 2150 546 2214 ab
568 2149 613 2213 eis
632 2149 835 2231 accipientes
858 2148 971 2213 foedus
995 2150 1145 2229 inierunt,
1169 2156 1201 2214 et
1222 2149 1384 2214 thesauris

252 2235 543 2301 innumerabilibus
566 2242 664 2317 atque
684 2234 851 2299 obsidibus
870 2235 912 2298 30
931 2235 992 2298 sibi
1011 2235 1147 2315 collatis,
1172 2257 1245 2298 cum
1263 2234 1383 2316 gaudio

253 2322 296 2386 ad
314 2343 373 2385 sua
390 2323 511 2386 reversi
530 2327 612 2384 sunt.
650 2319 795 2402 Denique
813 2341 892 2402 pace
911 2321 1063 2384 intereos
1078 2320 1254 2399 foederata,
1274 2321 1383 2384 statim

238 2409 411 2472 'Sueonesf
437 2406 557 2471 Christi
580 2406 702 2470 domini
727 2407 831 2470 nostri
863 2406 1129 2488 omnipotentiam
1161 2405 1384 2470 collaudantes

255 2495 386 2574 eiusque
404 2491 676 2576 magnificentiam
693 2491 815 2556 viribus
833 2493 920 2571 totis,
940 2491 1027 2574 quod
1042 2513 1116 2557 vere
1135 2513 1268 2574 magnus
1288 2512 1385 2573 super

254 2600 364 2643 omues
384 2579 461 2644 deos
480 2584 573 2658 esset,
596 2577 857 2659 praedicantesss,
881 2576 959 2660 quid
977 2578 1049 2660 ipsi,
1070 2600 1129 2660 per
1147 2599 1241 2660 quem
1258 2582 1385 2642 tantam

254 2665 469 2730 obtinuissent
497 2665 680 2743 victoriam,
714 2683 828 2728 vovere
859 2662 1026 2744 deberent,
1059 2664 1197 2727 sollicite
1229 2682 1384 2745 quaerere

254 2757 436 2833 coeperunt.
482 2749 596 2814 Undeh
625 2750 657 2813 a1
684 2748 869 2813 christianis
893 2748 998 2813 edocti
1027 2748 1297 2831 negotiatoribus,
1327 2749 1384 2829 qui

254 2836 351 2901 simul
369 2837 513 2916 aderant,
538 2835 666 2900 Christo
686 2833 815 2899 domino
832 2834 989 2917 placitum
1007 2834 1204 2899 devoverunt
1217 2835 1382 2914 ieiunium,

253 2923 302 2999 ita
328 2928 366 2985 ut
392 2923 434 2986 ad
461 2943 520 2986 sua
545 2921 678 3000 reversi,
705 2926 876 3002 postquam
904 2920 992 2983 domi
1020 2924 1141 3002 septem
1169 2919 1238 2983 dies
1266 2923 1382 2998 essent,

254 3007 336 3071 alios
360 3015 481 3091 septem
504 3027 613 3072 omnes
635 3008 757 3089 pariter
780 3027 801 3068 a
823 3026 919 3069 carne
941 3005 1153 3084 abstinerent,
1178 3004 1234 3068 sed
1257 3009 1384 3086 etpost

252 3093 315 3157 hoc
341 3093 557 3176 quadraginta
579 3092 692 3156 diebus
721 3091 872 3170 evolutiS,
900 3092 961 3172 ipsi
983 3111 1112 3173 quoque
1134 3091 1286 3154 unanima
1309 3109 1383 3153 oon-

252 3179 400 3242 ventione
418 3178 634 3261 quadraginta
653 3183 823 3259 sequentes
842 3176 990 3240 similiter
1008 3197 1138 3240 acerne
1152 3175 1382 3239 abstinentiam

254 3271 395 3346 agerent.
445 3264 537 3343 Quod
560 3271 593 3328 et
618 3263 741 3327 factum
764 3268 825 3341 est3
854 3263 1049 3344 omnesquek
1069 3261 1127 3343 qui
1151 3260 1196 3325 ibi
1224 3260 1383 3324 affuerant

253 3349 314 3414 hoo
342 3355 500 3414 statutum
526 3350 639 3414 libenti
665 3347 870 3431 perfecerunt
894 3348 1010 3410 animo.
1062 3346 1157 3410 Multi
1184 3347 1281 3408 etiam
1309 3352 1383 3427 post

253 3435 334 3521 11000
363 3436 542 3500 reverentia
574 3440 606 3498 et
637 3455 747 3498 amore
777 3431 896 3496 Christi
926 3431 1012 3514 apud
1041 3453 1095 3496 000
1123 3431 1267 3508 1011111110,
1299 3450 1381 3513 quae

254 3520 421 3586 christiani
453 3520 681 3598 observabant,
715 3519 879 3583 insistere¹
917 3522 949 3581 et
979 3517 1175 3594 elemosina,
1212 3516 1290 3598 quia
1320 3515 1382 3578 hoc

254 3606 383 3672 Christo
410 3613 538 3690 gratum
566 3606 722 3684 didicere,
750 3603 913 3686 quoslibet
940 3622 1098 3685 pauperes
1129 3602 1281 3664 adiuvare
1311 3621 1382 3663 cce-

252 3700 378 3776 perunt.
416 3692 532 3775 8100110
555 3692 664 3756 lavore
687 3690 828 3753 omnium
850 3688 1036 3770 praedictus
1054 3686 1256 3750 Erimbertus
1275 3706 1381 3749 sacer·

253 3778 312 3842 dos
334 3777 436 3843 libere
459 3778 544 3860 apud
568 3798 622 3841 eos
646 3796 728 3858 quae
751 3775 812 3838 Dei
835 3779 910 3837 sunt
932 3793 1037 3854 agere,
1061 3778 1094 3836 et
1115 3771 1237 3835 cunctis
1261 3770 1381 3835 Christi

252 3865 431 3946 potentiam
462 3863 686 3941 laudantibus,
721 3859 887 3943 religionis
919 3858 1044 3922 divinae
1074 3857 1108 3920 in
1138 3856 1203 3920 illis
1233 3854 1381 3938 partibus

313 4045 338 4112 *)
356 4042 517 4113 Conglobati
534 4070 569 4080 -
586 4069 620 4078 —
637 4040 731 4094 urbem
749 4039 805 4093 des.
825 4041 860 4092 B.

253 4207 275 4257 a)
288 4217 363 4246 aecum
376 4217 422 4253 cap.
437 4203 480 4256 (69)
493 4205 535 4244 ine.
550 4201 606 4253 113ς
619 4204 654 4243 68.
671 4201 761 4242 &aaa
819 4197 841 4248 b)
854 4198 910 4238 adst.
925 4200 946 4236 1.
1002 4195 1023 4247 0)
1036 4197 1128 4245 expoliis
1142 4198 1161 4235 1.
1215 4195 1238 4244 d)
1251 4195 1313 4235 vobis
1328 4194 1381 4234 (1010

253 4260 400 4306 persolvimus
413 4257 434 4297 t.
486 4255 507 4308 e)
520 4267 595 4295 novum
608 4265 654 4301 cap.
668 4253 767 4303 (10)ιή0.
781 4249 836 4298 113ς
851 4251 883 4288 69.
901 4249 991 4288 Casside.
1044 4246 1160 4296 08001100
1173 4249 1193 4286 2.
1245 4248 1269 4295 g)
1283 4246 1382 4297 magnif,

254 4309 311 4357 quod
325 4320 376 4349 vere
391 4318 484 4356 magnus
498 4317 564 4356 super
577 4315 652 4345 01111100
666 4307 726 4344 esset
739 4303 862 4350 dessectis
875 4301 961 4338 viribus
975 4297 1112 4348 predicantes
1121 4300 1140 4338 ³.
1205 4296 1230 4348 h)
1243 4309 1318 4336 novum
1331 4309 1379 4346 cap.

253 4360 297 4413 (71)
310 4363 352 4400 ine.
367 4358 425 4410 2283
442 4361 474 4399 71).
491 4359 581 4399 Gudido.
658 4353 838 4404 inebriationis
854 4362 929 4391 οσανν.
944 4353 966 4400 1;
980 4360 993 4388 a
1006 4349 1068 4400 deest,
1081 4361 1146 4390 manu
1158 4361 1175 4388 a.
1192 4349 1261 4388 XVII.
1273 4349 1344 4396 suppl.
1359 4349 1380 4388 3.

253 4411 278 4462 k)
292 4413 348 4453 Num
361 4421 437 4450 omnes
451 4422 462 4450 e
475 4421 528 4451 corr.
544 4412 562 4450 1.
617 4407 633 4458 i)
646 4408 749 4446 insistere
763 4404 893 4452 incipientes
906 4406 928 4441 et
941 4403 969 4440 sl.
985 4408 1005 4441 r.
1019 4402 1039 4440 3.
