3154 5016
263 348 297 402 14
518 345 606 402 VITA
624 345 801 402 ANSKARII
819 347 921 404 AUCT.
939 350 1133 406 RIMBERTO.

350 505 379 568 6.
418 501 564 579 Qualiter
585 501 620 565 in
650 502 832 567 sanctitatis
859 504 966 584 gratia
993 502 1165 586 proficiens
1194 504 1237 570 ad
1267 505 1391 571 Novam

264 586 434 651 Corbeiam
458 586 594 651 docendi
616 608 715 652 causa
738 587 917 653 destinatus
941 590 992 653 sit.

349 677 377 738 7.
414 671 462 736 De
491 674 697 736 conversione
719 672 866 737 Herioldi
886 675 982 756 regis,
1014 680 1045 739 et
1067 674 1207 757 qualiter
1235 677 1304 759 ipse
1332 698 1390 759 pa-

262 759 342 822 riter
370 764 402 822 et
432 757 609 822 Autbertus
635 779 693 841 per
721 761 959 824 concessionem
993 759 1106 825 Walae
1133 761 1263 826 abbatis
1292 767 1390 845 atque

262 844 436 907 iussionem
472 842 653 908 Hludowici
688 845 891 927 imperatoris
926 867 998 910 cum
1031 867 1068 910 eo
1103 846 1217 911 directi
1255 848 1320 912 sint
1348 848 1390 912 ad

263 935 373 1012 partes
395 928 571 992 Danorum.
1001 989 1004 995 .

348 1019 376 1080 8.
415 1014 561 1090 Qualiter
582 1014 723 1097 praefati
750 1017 832 1079 servi
851 1015 911 1079 Dei
934 1016 1020 1098 apud
1043 1015 1154 1081 Danos
1175 1019 1275 1100 positi
1296 1039 1391 1100 quos-

261 1100 342 1164 libet
363 1105 515 1182 poterant
546 1100 588 1164 ad
609 1101 694 1164 viam
719 1101 865 1165 veritatis
887 1122 1017 1166 monere
1041 1102 1224 1183 studebant,
1249 1109 1281 1168 et
1303 1103 1390 1186 quod

262 1186 382 1250 scolam
416 1186 477 1250 sibi
510 1187 607 1251 etiarn
637 1207 811 1268 puerorum
842 1186 922 1251 inibi
956 1193 1152 1267 statuerunt;
1189 1209 1228 1252 ac
1257 1195 1389 1271 peracto

262 1271 393 1336 biennio
429 1277 487 1334 aut
523 1293 560 1335 eo
593 1271 730 1354 amplius
762 1279 959 1336 memoratus
991 1273 1093 1338 frater
1122 1273 1308 1355 Autbertus,
1342 1275 1390 1339 in-

261 1357 415 1422 firmitate
446 1364 666 1439 gravescente,
704 1357 747 1421 ad
780 1357 903 1422 Novam
939 1357 1110 1423 Corbeiam
1139 1359 1312 1442 deductus,
1344 1360 1391 1425 ibi

265 1442 436 1507 defunctus
459 1443 509 1507 sit.

347 1533 376 1596 9.
415 1529 462 1592 De
481 1529 642 1610 legatione
662 1527 825 1592 Sueonum
843 1529 884 1592 ad
907 1531 1134 1612 imperatorem
1154 1529 1389 1610 Hludowicum,

261 1614 505 1696 postulantium,
536 1619 573 1677 ut
594 1613 657 1678 sibi
678 1614 920 1696 praedicatores
946 1615 1036 1679 verbi
1062 1615 1124 1679 Dei
1152 1617 1302 1681 mitteret.
1348 1615 1391 1680 Et

262 1700 301 1764 de
328 1700 450 1763 visione
476 1699 633 1782 praedicti
657 1701 761 1782 patris
786 1699 949 1781 Anskarii,
974 1723 1039 1783 qua
1071 1707 1146 1765 aute
1171 1702 1258 1784 apud
1280 1723 1390 1765 mona-

263 1787 397 1849 sterium
435 1783 592 1850 Corbeiae
626 1785 767 1868 positus,
803 1786 928 1850 audivit
965 1808 1076 1852 vocem
1116 1787 1276 1852 dicentem
1311 1787 1387 1852 sibi:

264 1870 365 1934 ‘Vade
388 1877 421 1935 et
443 1871 600 1935 annuntia
622 1871 772 1953 gentibus
793 1872 928 1936 verbum
950 1871 1011 1936 Dei
1021 1873 1038 1953 ’,
1071 1879 1103 1937 et
1124 1873 1259 1955 reliqua.

349 1961 397 2024 10.
433 1957 482 2020 De
504 1957 664 2040 legatione
682 1958 784 2039 ipsius
807 1963 840 2021 et
857 1959 956 2022 nonni
975 1957 1125 2023 Witmari
1144 1959 1186 2023 ad
1206 1959 1388 2037 Sueoniam,

262 2048 295 2106 et
316 2047 440 2124 quanta
461 2044 494 2106 in
515 2043 586 2125 ipso
609 2043 725 2106 itinere
741 2045 891 2126 'perpessi
914 2046 978 2108 sint
1001 2043 1145 2111 adversa.

350 2133 399 2194 11.
434 2127 579 2203 Qualiter
600 2129 820 2210 pervenientes
843 2129 885 2193 ad
905 2136 1035 2212 portum
1065 2131 1120 2212 qui
1143 2129 1262 2194 dicitur
1283 2130 1390 2212 Byrca

261 2214 398 2295 benigne
432 2234 452 2277 a
480 2234 555 2296 rege
582 2213 764 2278 Sueonum⁸
789 2214 874 2279 Bern
907 2221 1021 2280 vocato
1051 2219 1191 2299 suscepti
1221 2217 1293 2279 sint.
1347 2215 1390 2279 Et

263 2299 350 2381 quod
376 2298 516 2364 facultas
539 2300 585 2363 eis
608 2299 686 2364 data
714 2301 756 2364 sit
776 2300 995 2383 praedicandi.
1043 2301 1198 2383 Quodque
1221 2323 1293 2366 cum
1315 2301 1389 2365 aliis

260 2384 408 2468 pluribus
435 2386 534 2450 etiam
556 2384 761 2467 Herigarius,
790 2385 973 2469 praefectus
1000 2387 1061 2452 vici
1083 2389 1195 2470 ipsine,
1222 2385 1299 2452 fidei
1322 2407 1389 2452 cre-

262 2470 434 2536 dulitatem
457 2472 643 2553 susceperit.

349 2559 397 2624 12.
436 2557 583 2636 Qualiter
611 2556 725 2621 exinde
751 2556 922 2622 redeuntes
949 2557 992 2622 ad
1021 2557 1224 2640 praedictum
1250 2558 1389 2640 impera-

260 2648 365 2707 torem
398 2643 518 2706 reversi
549 2642 621 2707 sint.
673 2642 716 2707 Et
750 2643 891 2724 qualiter
921 2643 989 2725 ipse
1025 2664 1098 2707 cum
1130 2663 1287 2708 consensu
1323 2644 1389 2725 epi-

261 2748 433 2811 scoporum
452 2729 538 2793 ultra
562 2727 691 2793 Albiam
713 2728 821 2794 sedem
844 2729 1049 2794 constituerit
1070 2728 1387 2812 archiepiscopalem,

346 2970 371 3024 5.
403 2967 526 3033 Qualiter
548 2969 578 3022 in
599 2969 754 3024 sanctitatis
780 2970 870 3039 gratia
894 2970 1033 3037 proficiens
1061 2969 1095 3024 ad
1119 2969 1223 3024 Novam
1247 2968 1387 3024 corbeiam

260 3037 372 3092 docendi
390 3053 470 3092 causa
488 3035 637 3092 destinatus
655 3039 701 3092 sit.

346 3109 371 3160 6.
400 3106 441 3159 De
463 3107 630 3161 conversione
648 3105 770 3161 Herioldi
792 3107 872 3176 regis,
898 3111 926 3162 et
948 3106 1064 3178 qualiter
1085 3106 1163 3174 ipseh
1187 3110 1215 3161 et
1234 3105 1387 3162 Audbertus

261 3171 295 3228 ad
312 3177 403 3242 partes
421 3174 557 3228 Danorum
575 3175 671 3228 directi
688 3176 751 3229 sint.

346 3243 371 3296 7.
402 3240 524 3306 Qualiter
540 3243 640 3311 prefati
662 3245 731 3298 servi
748 3243 799 3296 Dei
823 3246 889 3311 aput
906 3244 995 3299 Dauos
1018 3243 1151 3312 quoslibet
1169 3242 1204 3297 ad
1225 3243 1297 3298 viam
1320 3243 1387 3298 veri·

261 3312 328 3366 tatis
346 3314 492 3376 monerent,
517 3313 545 3365 et
568 3311 637 3383 quod
655 3313 740 3366 scolas
764 3312 804 3367 ibi
828 3314 982 3377 statuerint,
1007 3329 1037 3367 ac
1055 3315 1163 3379 peracto
1186 3311 1294 3366 biennio
1316 3311 1387 3366 Aud-

260 3381 353 3435 bertus
372 3380 406 3434 ad
424 3379 528 3434 Novam
547 3381 686 3435 Corbeiam
705 3380 833 3436 deductus
851 3383 879 3435 et
897 3381 1039 3436 defunctus
1057 3381 1101 3434 sit.

348 3451 372 3504 8.
404 3448 444 3502 De
471 3449 606 3518 legatione
629 3450 761 3504 Sueouum
788 3449 822 3502 ad
848 3451 1037 3518 imperatorem
1059 3448 1279 3512 Hludowicumss,
1298 3450 1387 3516 postu·

262 3518 386 3581 lentium,
409 3519 440 3570 ut
458 3519 496 3572 eis
513 3517 692 3586 predicatores
711 3519 841 3581 mitteret,
869 3522 897 3573 et
914 3518 947 3573 de
964 3519 1066 3572 visione
1089 3517 1176 3585 patris
1194 3514 1331 3586 Ansgarii,
1356 3519 1388 3570 ut

261 3587 435 3640 annunciaret
453 3587 605 3655 gentibusd
623 3587 732 3642 verbum
750 3587 809 3641 Dei.

348 3659 372 3710 9.
404 3655 444 3708 De
467 3656 603 3724 legatione
627 3655 711 3724 ipsius
736 3657 764 3709 et
785 3655 934 3710 Witmari⁰
959 3654 993 3708 ad
1015 3653 1141 3716 Suecues,
1166 3657 1195 3708 et
1217 3655 1319 3723 quanta
1341 3651 1387 3707 ad-

261 3740 338 3778 versa
354 3724 384 3777 in
400 3724 459 3790 ipso
476 3724 574 3779 itinere
592 3725 664 3792 passi
683 3725 746 3778 sint.

348 3795 390 3847 10.
421 3790 544 3856 Qualiter
568 3793 603 3847 ad
620 3794 728 3846 Bircam
752 3792 886 3846 venientes
904 3809 920 3844 a
943 3807 1006 3860 rege
1025 3791 1157 3844 Sueonum
1175 3789 1247 3843 Bern
1269 3789 1387 3857 suseepti

261 3862 323 3926 sint,
342 3863 371 3915 et
388 3860 562 3929 Herigariusf
590 3861 724 3930 prefectus
740 3860 804 3914 fidei
822 3860 1010 3915 credulitatem
1028 3858 1181 3925 susceperit.

349 3932 390 3984 11.
421 3927 545 3993 Qualiter
566 3931 600 3985 ad
617 3931 806 3998 imperatorem
828 3929 927 3984 reversi
949 3929 1011 3991 sint,
1035 3927 1141 3994 etipse
1166 3943 1225 3980 cum
1244 3937 1390 3980 consensus

261 3995 1389 4135 §altisssimiltaassaltuttltsttmslsllttlltstl

263 4135 410 4190 Thurholt¹
436 4138 559 4192 vocatam
577 4135 770 4205 subiugaverit.
1170 4154 1175 4163 ·

260 4289 283 4340 a)
298 4289 396 4340 Suqrum
408 4288 471 4342 (corr.
482 4287 615 4340 sueonumt)
624 4292 643 4329 1.
682 4287 706 4339 b)
719 4289 767 4336 lpse
780 4285 989 4334 aunsgmiuffls.
1036 4284 1056 4336 c)
1069 4285 1159 4325 Ludovv.
1173 4285 1221 4328 Bt.
1261 4282 1283 4334 d)
1296 4295 1317 4333 g.
1327 4295 1350 4324 v.
1359 4284 1389 4325 D.

260 4342 398 4445 sseqhfilqolt
414 4341 648 4433 3⁰1)‚Wfflm⁸³¹⁸⁸'
717 4339 826 4391 Qletg.
840 4339 889 4378 Rs.
960 4337 1138 4388 g)ronsu131.
1210 4334 1236 4426 hl
1256 4337 1324 4386 episc.
1338 4337 1386 4376 Bt.
