3154 5016
265 378 300 432 30
521 375 607 431 VITA
626 374 800 432 ANSKARII
819 374 921 431 Acer.
939 375 1132 432 RIMBERTO.

351 532 400 596 8.·
438 528 581 594 Praefati
612 530 721 612 itaque
752 531 835 594 servi
864 530 925 595 Dei
954 552 1027 595 cnm
1056 549 1094 594 eo
1122 529 1221 612 positi
1250 531 1301 595 etb
1330 530 1389 594 ali·

265 616 394 699 quando
425 617 510 680 inter
538 615 745 695 christianos,
780 616 952 699 aliquando
985 617 1070 680 inter
1100 636 1245 698 paganos
1272 617 1389 681 consti-

265 704 341 782 tuti,
377 707 552 784 coeperunt
584 701 682 766 verbo
711 701 772 765 Dei
808 703 955 766 insistere
989 708 1022 766 et
1046 701 1208 785 quoslibet
1240 707 1392 784 poterant

265 788 306 852 ad
332 789 416 853 viam
441 787 587 852 veritatis
617 797 770 851 moneret
822 787 917 852 Multi
945 787 1061 853 etiarn‘l
1086 787 1230 870 exemplo
1261 793 1293 852 et
1316 787 1390 852 doc-

264 875 351 938 trina
373 895 484 938 eorum
507 873 549 937 ad
571 871 667 936 fidem
689 874 970 953 convertebantur,
998 879 1030 938 et
1052 872 1240 938 crescebant
1262 873 1389 953 cotidie,

265 961 320 1043 qui
347 959 427 1024 salvi
448 957 563 1024 fierent
588 959 621 1022 in
648 959 796 1024 Domino.
846 959 912 1042 Ipsi
940 979 1067 1042 quoque
1094 958 1201 1023 divino
1223 960 1390 1041 inspirati⁰

265 1067 385 1125 amore,
414 1045 457 1108 ad
477 1044 743 1128 promulgandam
767 1045 944 1110 devotionis
967 1065 1045 1110 suae
1067 1044 1254 1127 religionem
1279 1066 1390 1128 coepe-

263 1137 341 1196 runt
363 1133 488 1196 curiose
509 1151 628 1214 pueros
651 1151 821 1213 quaerere,
849 1152 930 1214 qnos
958 1135 1101 1195 emerent
1122 1136 1154 1194 et
1177 1130 1220 1194 ad
1243 1130 1303 1196 Dei
1324 1152 1389 1195 ser-

264 1219 376 1282 vitium
400 1217 582 1282 educarent.
628 1215 796 1281 Praefatus
824 1238 951 1299 quoque
970 1215 1145 1280 Herioldus
1172 1237 1211 1280 ex
1239 1216 1304 1280 suis
1333 1216 1391 1280 ali-

265 1324 346 1386 quos
369 1302 429 1367 sub
453 1323 564 1368 eorum
587 1323 666 1368 cura
688 1302 881 1367 erudiendos
899 1304 1016 1386 posuit.
1057 1301 1173 1384 Sicque
1191 1301 1312 1366 factum
1332 1307 1390 1381 est,

265 1397 302 1454 ut
334 1389 456 1453 scolam
489 1388 569 1453 inibi
602 1409 701 1471 parvo
734 1395 878 1471 tempore
907 1389 1101 1453 statuerentf
1135 1387 1305 1452 duodecim
1333 1395 1392 1452 ant

265 1496 302 1541 eo
332 1474 469 1558 amplius
498 1495 681 1557 puerorum.
737 1474 826 1538 Alios
856 1496 983 1557 quoque
1012 1474 1087 1538 hinc
1115 1474 1189 1538 inde
1219 1472 1280 1538 sibi
1309 1474 1390 1538 asci-

263 1566 380 1626 verunt
402 1561 573 1625 servitores
596 1565 629 1624 et
651 1560 830 1640 adiutores;
854 1563 1023 1644 coepitque
1046 1581 1158 1624 eorum
1180 1559 1268 1623 fama
1290 1566 1323 1624 et
1340 1579 1390 1623 re-

264 1647 341 1730 ligio
370 1647 403 1710 in
433 1645 494 1710 Dei
523 1646 650 1710 nomine
678 1646 876 1712 fructuosius
906 1667 1057 1712 crescere.
1111 1644 1190 1710 Cum
1219 1645 1329 1728 itaque
1357 1647 1390 1708 in

265 1734 326 1798 hoc
356 1738 470 1796 sancto
500 1733 668 1814 proposito
698 1731 826 1796 biennio
856 1740 913 1797 aut
941 1753 979 1797 eo
1009 1732 1146 1814 amplius
1176 1738 1389 1810 morarentur,

266 1819 410 1900 contigit,
431 1818 497 1881 iam
520 1816 640 1882 dictum
659 1817 794 1882 fratrem
816 1818 1029 1883 Autbertumg
1044 1816 1242 1882 infirmitatis
1264 1819 1391 1900 gravari

265 1904 423 1970 molestia.
470 1902 541 1980 Qua
562 1902 602 1968 de
621 1924 720 1968 causa
736 1904 812 1968 inde
830 1904 872 1968 ad
892 1903 1014 1968 Novam
1034 1902 1203 1968 Corbeiam
1222 1901 1390 1984 deductus,

265 1990 421 2073 languore
443 1988 568 2054 diutino
591 1990 844 2072 ingravescente,
869 1989 971 2069 felici,
995 1996 1032 2053 ut
1054 1988 1227 2067 credimus,
1251 1989 1391 2054 transitu

176 2087 252 2162 sep?
266 2077 299 2140 in
328 2084 472 2158 tempore
500 2075 655 2158 paschae,
691 2075 786 2140 sicuti
820 2082 853 2139 et
879 2076 940 2159 ipsi
967 2082 1062 2140 antea
1089 2096 1109 2138 a
1137 2074 1275 2140 Domino
1303 2096 1390 2140 reve-

264 2163 366 2227 latum
389 2163 505 2242 fuerat,
529 2161 613 2226 diem
636 2161 716 2225 inibi
739 2161 856 2226 clausit
877 2166 1065 2227 extremum.

349 2248 400 2312 9.¹¹
438 2247 571 2311 [nterim
597 2267 672 2312 vero
696 2248 844 2329 contigit,
871 2247 996 2330 legatos
1019 2247 1181 2312 Sueonum
1208 2247 1250 2311 ad
1274 2267 1390 2310 memo-

184 2363 250 2410 329,
263 2341 370 2398 ratum
392 2334 569 2416 principem
591 2333 732 2396 venisse¹
756 2332 1003 2399 Hludowioum¹.
1050 2332 1110 2410 Qui
1139 2334 1223 2397 inter
1253 2332 1318 2396 alia
1344 2333 1389 2396 le-

266 2420 404 2504 gationis
439 2439 517 2483 snae
551 2417 704 2483 mandata
736 2419 981 2483 clementissimo
1013 2419 1136 2483 caesari
1166 2419 1388 2483 innotuerunt:

266 2527 334 2571 esse
361 2505 479 2569 multos
506 2505 539 2568 in
565 2511 756 2586 germana,
785 2506 841 2587 qui
864 2504 1059 2569 christianae
1081 2503 1245 2586 religionis
1269 2505 1389 2568 cultum

264 2593 425 2674 suscipere
457 2590 692 2671 desiderarent,
723 2591 809 2672 regis
841 2611 968 2673 quoque
999 2592 1050 2654 sui
1081 2592 1223 2653 animum
1255 2590 1297 2654 ad
1328 2590 1390 2655 hoc

264 2679 344 2743 satis
375 2677 570 2758 benivolum,
606 2683 644 2741 ut
677 2677 723 2741 ibi
759 2675 943 2741 sacerdotes
979 2676 1038 2740 Dei
1073 2696 1143 2740 esse
1173 2677 1388 2758 permitteret;

263 2770 390 2829 tantum
421 2764 490 2828 eius
519 2762 738 2828 munificentia
765 2767 978 2843 mererentur,
1011 2767 1047 2826 ut
1076 2763 1121 2825 eis
1147 2761 1388 2844 praedicatores

265 2849 443 2916 destinaret
464 2848 607 2914 idoneos.
654 2849 747 2927 Quod
768 2848 1031 2931 religiosissimus
1050 2847 1185 2912 audiens
1202 2849 1388 2930 imperator,

263 2937 437 3019 plurimum
459 2934 673 3015 exhilaratus,
703 2935 808 2999 denuo
832 2955 987 3017 quaerere
1009 2935 1129 3016 coepit,
1157 2955 1237 3016 quos
1258 2934 1292 2997 in
1314 2933 1388 2998 illas

263 3029 372 3105 partes
401 3020 566 3104 dirigeret,
597 3022 653 3104 qui
674 3021 863 3104 probarent,
892 3027 1000 3085 utrum
1021 3020 1160 3103 populus
1182 3019 1235 3084 ille
1257 3019 1299 3083 ad
1322 3041 1389 3084 cre·

264 3107 403 3173 dendum
424 3113 559 3191 paratus
582 3113 679 3186 esset,
708 3108 802 3170 sicuti
824 3107 913 3170 missi
936 3106 983 3170 illi
1005 3107 1245 3186 intimaverant,
1269 3111 1300 3170 et
1322 3106 1388 3170 cul-

263 3200 332 3259 tum
368 3192 563 3258 christianae
596 3193 761 3274 religionis
796 3191 860 3256 illis
893 3191 1022 3256 tradere
1054 3193 1239 3274 inciperent.
1296 3190 1388 3255 Unde

264 3279 387 3345 facturn
409 3284 466 3359 est,
490 3284 527 3342 ut
543 3280 661 3343 iterum
679 3279 771 3342 cumk
795 3284 972 3342 memorato
992 3278 1110 3343 abbate
1127 3283 1233 3341 vestro
1252 3278 1388 3342 serenis-

265 3368 364 3430 simus
394 3366 571 3448 imperator
601 3369 744 3429 tractare
773 3364 927 3446 coeperit,
960 3364 988 3428 si
1017 3385 1111 3446 quem
1140 3363 1224 3427 forte
1253 3364 1292 3427 de
1321 3364 1388 3427 suis

264 3450 430 3517 monachis
459 3453 600 3516 invenire
629 3459 753 3534 posset,
782 3451 838 3532 qui
863 3471 923 3532 pro
953 3449 1072 3515 Christi
1100 3449 1228 3514 nomine
1254 3451 1288 3513 in
1314 3449 1387 3513 illas

264 3545 374 3622 partes
405 3539 453 3602 ire
483 3537 592 3618 vellet,
624 3543 682 3602 aut
711 3542 798 3601 certe
828 3536 883 3620 qui
913 3558 985 3600 cum
1012 3535 1167 3600 Herioldo
1196 3542 1386 3616 moraretur,

265 3630 297 3690 et
319 3626 361 3688 is¹
387 3625 443 3707 qui
466 3645 539 3689 oum
562 3622 622 3688 eo²
645 3630 716 3688 erat
737 3644 847 3688 servus
870 3621 930 3685 Dei
951 3621 1155 3686 Anskariusm
1177 3621 1266 3686 illam
1289 3622 1388 3685 susci-

264 3717 356 3794 peret
381 3710 583 3792 legationem.
636 3709 707 3786 Qua
734 3710 773 3774 de
799 3730 834 3773 re
862 3709 1008 3791 contigit,
1038 3714 1074 3773 ut
1098 3708 1187 3790 regio
1213 3708 1304 3771 iussu
1331 3707 1387 3770 ab·

264 3797 339 3861 hinc
371 3795 412 3860 ad
441 3796 598 3878 palatium
628 3800 813 3875 vocaretur3
850 3795 965 3878 cuique
997 3793 1219 3858 denuntiatum
1249 3798 1311 3872 est,
1347 3812 1387 3855 ne

265 3903 299 3947 se
325 3880 489 3961 raderet3,
520 3887 693 3964 antequam
715 3881 757 3946 ad
778 3882 994 3964 praesentiam
1022 3879 1227 3962 imperatoris
1254 3879 1385 3942 veniret.

265 3967 342 4033 Vir¹¹
375 3973 482 4032 autem
512 3967 573 4031 Dei
608 3967 650 4031 ad
681 3966 759 4051 qnid
792 3970 962 4031 vocaretur
1001 3968 1129 4029 omnino
1163 3984 1386 4046 praenoscere,

264 4118 278 4146 a
297 4104 341 4158 (21)
349 4104 401 4146 tit.
417 4105 510 4145 Gualdo.
536 4103 632 4145 Codicum
645 4106 665 4144 B
678 4107 772 4145 Micam
785 4104 882 4154 deinceps
894 4103 980 4143 amat
993 4105 1078 4142 aereum
1091 4102 1159 4141 auoit
1233 4101 1257 4151 b)
1270 4101 1325 4142 aaa
1334 4104 1355 4142 2.
1365 4103 1383 4141 a.

265 4156 537 4207 emovere231uducara
551 4158 602 4196 Bt.
660 4155 786 4208 d)en1mt.
844 4155 986 4207 uuam.
1001 4156 1019 4195 1.
1072 4152 1252 4204 Oststnertnttt.
1307 4153 1330 4203 g)
1343 4154 1388 4193 Au-

265 4211 351 4251 bertum
364 4211 383 4248 2.
435 4208 515 4261 h)(22)
529 4207 581 4248 tit.
598 4209 688 4248 scalda
744 4205 1197 4258 1)ancoralibudalffioaoanr.
1258 4205 1282 4254 k)
1295 4215 1387 4244 comme·

264 4262 475 4301 morato2.B1.2.
527 4257 545 4311 1)
559 4259 594 4300 his
608 4263 627 4300 ‘a
679 4258 982 4310 m)Ansoharrura.c.Br.
1035 4256 1146 4309 n)nocam
1160 4255 1317 4307 capuanae.
1333 4255 1385 4295 228.

268 4313 357 4354 seua.

266 4416 292 4486 1)
311 4415 639 4484 taruanninsae.
696 4415 722 4480 2)
737 4413 876 4468 Herroldo.
927 4411 1386 4482 saepenominatam
