3154 5016
262 375 297 429 56
524 371 611 426 VITA
629 371 805 427 ANSKARII
822 371 925 427 AUCT.
944 373 1139 428 RIMBER'I'O.

263 526 406 591 intimari
436 525 544 590 iussit:
574 546 700 590 servum
723 525 798 605 Dei,
826 527 882 609 qui
909 546 948 590 ex
969 532 1062 609 parte
1085 527 1289 594 Hludowici⁸
1312 530 1397 613 regis

263 613 379 676 missus
399 609 478 675 fines
496 612 586 694 regni
606 611 674 675 eius
692 615 825 693 peteret,
849 611 912 676 sibi
928 633 987 695 per
1006 614 1113 677 omnia
1133 617 1297 698 cognitum
1316 615 1396 695 lore,

263 719 301 761 ac
330 717 365 760 se
393 697 427 760 in
453 698 519 761 vita
547 717 608 760 sua
636 717 811 780 numquam
839 703 908 762 tam
934 697 1055 762 bonum
1084 698 1201 765 vidisse
1233 701 1397 765 hominem

262 803 321 846 neo
343 783 377 846 in
399 782 544 865 quolibet
565 782 752 846 mortalium
773 782 947 864 aliquando
966 790 1091 848 tantam
1109 783 1205 850 fidem
1227 787 1395 851 invenisse.

263 868 417 949 Ideoque,
446 869 575 952 cognita
598 870 665 932 eius
689 869 893 933 sanctissima
915 870 1074 949 bonitate,
1103 872 1213 936 omnia
1235 892 1318 956 quac
1340 873 1398 937 ille

262 955 296 1017 in
317 974 416 1036 regno
441 975 499 1018 suo
522 975 621 1018 causa
642 955 839 1019 christianae
857 955 1022 1037 religionis
1044 955 1214 1038 disponere
1232 959 1337 1038 vellet,
1362 979 1398 1021 se

263 1040 293 1102 ei
318 1040 523 1104 concessisse.
568 1039 742 1124 Ipsumque
768 1046 891 1122 petere,
919 1047 957 1105 ut
983 1041 1131 1106 similiter
1156 1043 1190 1106 in
1212 1064 1312 1127 regno
1336 1065 1396 1108 suo

263 1125 292 1188 ei
318 1126 521 1208 permitteret
547 1125 707 1190 culturam
736 1125 999 1207 christianitatis,
1027 1149 1125 1209 quam
1154 1129 1301 1211 optabat,
1331 1133 1397 1194 sta-

261 1216 366 1290 tuere,
398 1211 476 1294 quia
501 1211 569 1294 ipse
595 1212 676 1275 nihil
707 1212 796 1276 aliud
822 1233 920 1294 quam
946 1213 1032 1294 quod
1063 1213 1183 1278 bonum
1210 1220 1243 1278 et
1267 1220 1397 1280 rectum

262 1296 373 1361 foretb
398 1298 495 1361 vellet
527 1295 692 1379 perficere.
746 1297 957 1380 Susceptum⁰
990 1299 1101 1381 itaque
1136 1321 1292 1384 peragens
1323 1302 1395 1380 iter,

261 1383 375 1464 viginti
397 1383 497 1446 ferme
520 1383 634 1448 diebus
656 1384 784 1466 navigio
807 1384 996 1465 transactis,
1023 1386 1169 1467 pervenit
1191 1386 1232 1450 ad
1254 1387 1394 1470 Byrcad.

262 1468 326 1532 Ubi
348 1469 469 1532 invenit
490 1479 598 1550 regem
621 1474 654 1534 et
675 1469 915 1534 multitudinem
937 1471 1048 1554 populi
1070 1472 1170 1535 nimio
1193 1492 1303 1538 errore
1322 1492 1397 1537 con-

261 1554 376 1618 fusam.
423 1553 601 1637 Instigante
624 1557 708 1620 enim
730 1555 876 1636 diabolo,
905 1554 1077 1620 adventum
1099 1557 1188 1623 beati
1211 1559 1272 1622 viri
1295 1558 1396 1622 omni-

262 1638 366 1703 modis
388 1642 602 1722 praesciente,
626 1642 761 1723 contigit
783 1662 820 1706 eo
843 1643 914 1724 ipso
937 1647 1096 1725 tempore,
1125 1648 1162 1708 ut
1184 1643 1315 1727 quidam
1338 1643 1394 1708 illo

262 1725 434 1790 adveniens
454 1725 583 1806 diceret,
608 1747 641 1790 se
660 1727 693 1790 in
713 1732 870 1792 conventu
884 1727 1030 1807 deorum,
1054 1729 1252 1811 qui⁶·ipsam
1274 1735 1395 1794 terram

261 1809 426 1893 possidere
454 1812 682 1893 credebantur,
711 1812 854 1892 affuisse,
883 1819 915 1877 et
942 1813 983 1878 ab
1010 1815 1056 1878 eis
1079 1814 1227 1895 missum,
1255 1819 1293 1879 ut
1314 1814 1394 1879 haec

261 1897 330 1978 regi
349 1901 382 1961 et
397 1898 525 1980 populis
545 1899 726 1962 nunciaret:
755 1896 851 1978 ‘Vos',
874 1898 1016 1981 inquam,
1040 1903 1109 1963 ‘nos
1127 1899 1217 1964 vobis
1236 1901 1394 1983 propitios

261 1981 318 2046 diu
344 1982 506 2047 habuistis
534 1989 566 2048 et
590 1988 711 2048 terram
738 1983 898 2049 incolatus
924 1985 1021 2048 vestri
1054 2005 1127 2048 cum
1158 1987 1261 2050 multa
1294 1986 1395 2051 abun-

262 2067 394 2132 dantiaf
418 2075 529 2133 nostro
557 2068 719 2134 adiutorio
744 2071 777 2134 in
799 2090 880 2152 pace
903 2074 936 2134 et
956 2071 1173 2152 prosperitate
1194 2072 1290 2153 longo
1313 2077 1394 2136 tem-

260 2175 340 2236 pore
362 2155 520 2219 tenuistis.
573 2153 639 2219 Vos
661 2176 790 2239 quoque
812 2155 907 2220 nobis
930 2154 1090 2221 sacrificia
1113 2161 1146 2219 et
1166 2161 1242 2222 vota
1264 2157 1396 2222 debita⁸

260 2241 473 2323 persolvistis,
508 2246 665 2324 grataque
693 2241 788 2306 nobis
816 2246 923 2306 vestra
953 2241 1105 2306 fuerunth
1136 2241 1300 2326 obsequia.
1352 2244 1395 2308 At

261 2347 346 2390 nunc
364 2331 396 2391 et
414 2324 573 2390 sacrificia
593 2327 690 2391 solita
708 2326 915 2391 subtrahitisi
936 2333 970 2392 et
980 2332 1056 2392 vota
1074 2333 1252 2409 spontanea
1266 2329 1394 2412 segnius

262 2410 385 2475 offertis
408 2417 454 2489 et,
485 2411 572 2493 quod
595 2413 697 2494 magis
719 2411 813 2478 nobis
836 2411 992 2494 displicet,
1016 2413 1156 2476 alienum
1179 2414 1275 2478 deum
1298 2436 1395 2497 super

260 2517 320 2560 nos
343 2495 556 2560 introducitis.
603 2497 638 2561 Si
654 2499 765 2581 itaque
784 2518 843 2561 nos
862 2497 952 2562 vobis
970 2499 1130 2582 propitios
1148 2498 1270 2565 habere
1287 2501 1394 2580 vultis,

261 2580 420 2646 sacrificia
445 2583 566 2647 omissa
588 2589 704 2665 augete
726 2589 759 2647 et
785 2588 861 2648 vota
884 2584 1008 2648 maiora
1028 2584 1210 2666 persolvite.
1253 2586 1394 2650 Alterius

261 2687 390 2750 quoque
418 2667 470 2731 dei
497 2667 672 2748 culturam,
699 2668 778 2753 qui¹1
801 2669 966 2734 contraria
992 2669 1087 2734 nobis
1109 2669 1218 2750 docet,
1246 2693 1286 2736 ne
1309 2670 1395 2753 apud

260 2753 332 2818 ves¹
355 2753 519 2835 recipiatis
538 2754 657 2818 eteius
676 2755 811 2819 servicio
834 2775 874 2819 ne
894 2755 1077 2820 intendatis.
1114 2754 1227 2836 Porro,
1251 2757 1278 2820 si
1296 2759 1395 2821 etiam

259 2839 369 2922 plures
392 2839 470 2904 deos
492 2839 614 2904 habere
637 2839 842 2920 desideratis,
871 2846 903 2904 et
924 2862 983 2905 nos
1005 2841 1096 2906 vobis
1119 2863 1183 2906 non
1206 2841 1394 2923 sufficimus

259 2923 425 2989 Ericumm·
439 2924 450 2968 1
466 2926 628 3007 quondam
643 2946 751 3007 regem
765 2933 906 2992 vestrum
920 2947 979 2990 nos
994 2927 1162 2992 unanimes
1175 2929 1208 2991 in
1224 2928 1394 3011 collegium

259 3014 406 3074 nostrum
428 3011 629 3092 asciscimus,
655 3018 691 3076 ut
714 3013 757 3075 sit
778 3034 860 3077 unus
884 3013 923 3076 de
946 3033 1080 3077 numero
1104 3012 1258 3077 deorum’.
1304 3013 1395 3078 llocn

261 3116 336 3176 ergo
361 3095 556 3160 diabolicum
579 3097 766 3162 mandatum
788 3097 916 3180 publice
943 3098 1172 3163 denunciatum
1200 3100 1233 3162 in
1255 3098 1394 3163 adventu

260 3179 369 3245 domni
391 3182 533 3264 episcopi
556 3188 677 3247 mentes
701 3189 890 3248 cunctorum
914 3184 1136 3266 perturbabat,
1161 3190 1194 3248 et
1216 3197 1326 3249 error⁰
1346 3185 1394 3249 ni-

260 3267 342 3331 mius
370 3287 408 3331 ac
435 3268 638 3349 perturbatio
666 3268 765 3332 corda
796 3269 984 3333 hominuml‘
1008 3269 1208 3337 confuderat.
1254 3270 1336 3334 Nam
1363 3276 1396 3335 et

258 3352 414 3434 templum
440 3353 475 3416 in
500 3352 622 3418 honore
645 3354 844 3436 supradicti
868 3355 953 3438 regis
978 3354 1098 3420 dudum
1125 3355 1269 3420 defuncti
1292 3360 1395 3420 statu-

261 3443 355 3503 erunt
374 3443 406 3503 et
423 3439 485 3522 ipsi
504 3444 659 3520 tanquam
679 3439 738 3502 deo
759 3445 834 3504 vota
852 3446 884 3503 et
902 3439 1061 3505 sacrificia
1076 3440 1191 3506 offerre
1210 3446 1392 3526 coeperunt.

260 3523 438 3589 Adveniens
456 3525 566 3608 itaque
584 3524 660 3589 illuc
674 3524 810 3589 domnus
824 3527 1003 3609 episcopus,
1029 3527 1070 3592 ab
1085 3528 1199 3592 amicis
1213 3527 1280 3592 suis
1295 3549 1394 3610 quon-

261 3609 335 3672 dam
356 3610 424 3675 ibiq
443 3611 579 3692 cognitis
598 3631 753 3693 quaerere
772 3612 887 3694 coepit,
911 3613 1072 3694 quomodo
1091 3633 1199 3696 regem
1218 3614 1394 3695 superbae

158 3709 247 3760 *aua
262 3716 297 3758 re
327 3695 556 3777 interpellaret.
606 3697 668 3773 Qui
698 3717 808 3761 omnes
843 3702 933 3762 totor
964 3698 1096 3763 *annisu
1129 3698 1393 3777 contradicentes,

260 3778 460 3860 asserebant,
491 3780 573 3844 nihil
603 3783 731 3845 omnino
761 3802 800 3846 ea
826 3783 903 3872 vice·
922 3783 1115 3865 legationem
1143 3785 1211 3848 eius
1236 3781 1393 3864 proficere

258 3885 368 3947 posse,
397 3865 467 3945 sed,
496 3867 523 3930 si
546 3866 669 3949 aliquid
691 3867 827 3933 haberet
848 3869 959 3952 pretii,
987 3890 1026 3934 ea
1051 3870 1178 3934 ratione
1200 3868 1292 3932 illum
1315 3867 1393 3933 dare

260 3949 390 4032 debere,
419 3956 456 4015 ut
477 3953 567 4016 vivus
589 3951 663 4017 inde
686 3953 846 4022 evaderet.
893 3955 1016 4032 Quibus
1041 3955 1111 4018 ille:
1145 3953 1251 4034 ‘Non’,
1278 3954 1393 4038 inquit,

259 4085 524 4139 e)r.Hlud.(Lud).t.3.
565 4087 755 4140 b)inlocorasol.
797 4089 1269 4140 clmuumeap,(58)inc.223356.(lucide.
1310 4090 1394 4140 men-

259 4142 466 4189 cem2.8;Blreem
475 4142 502 4180 B.
548 4139 569 4190 e)
579 4142 630 4188 quie
639 4143 658 4190 2,
667 4153 734 4181 manu
743 4143 842 4182 aevu.
853 4155 906 4182 corr.
917 4143 955 4191 qul
964 4144 982 4181 3.
1029 4142 1214 4194 Ohebund.2.3.
1258 4142 1392 4195 g)dedtta2.

258 4191 283 4241 h)
297 4193 380 4232 fuerint
393 4194 412 4233 2.
465 4192 483 4240 1)
497 4191 646 4242 subtrel(y)tis
660 4195 679 4232 2,
694 4194 713 4232 3.
773 4194 798 4244 k)
813 4205 855 4243 que
870 4193 1069 4234 ...decessum
1122 4194 1140 4241 1)
1154 4204 1202 4244 nos,
1215 4206 1278 4236 manu
1291 4207 1309 4234 ο.
1322 4195 1391 4234 XVII.

259 4255 313 4282 corr.
328 4254 368 4283 vos
382 4245 402 4284 3.
443 4243 472 4295 m)
482 4244 587 4284 Hertcum
597 4245 675 4284 aaa.
716 4242 741 4294 n)
749 4257 824 4284 novem
835 4257 882 4294 cap.
896 4244 939 4295 (59)
951 4246 991 4286 iar.
1005 4243 1061 4293 fil&
1074 4244 1107 4284 57.
1124 4245 1215 4286 Gualdc.
1255 4245 1276 4298 ο)
1289 4257 1392 4297 superser.

258 4295 385 4334 velhomor
399 4298 418 4336 1.
471 4297 494 4347 p)
507 4296 604 4334 omnium
619 4297 638 4334 3.
653 4297 680 4335 Β.
733 4296 756 4344 q)
770 4295 858 4336 demta.
911 4297 930 4345 r)
942 4299 1052 4345 tutamen
1066 4307 1119 4336 cerr.
1134 4300 1179 4337 toto
1193 4300 1213 4337 1.

260 4398 286 4462 1)
305 4398 422 4452 Ericam
444 4399 629 4466 upsallensem
640 4401 774 4464 fortasse,
792 4400 939 4454 Bidrnoais
957 4400 1118 4469 Huuqenst's
1130 4399 1257 4468 fratrem.
1285 4401 1323 4454 D.
