3154 5016
242 339 259 392 8
498 332 584 389 VITA
603 332 778 388 ANSKARII
796 333 899 389 AUOT.
918 334 1111 390 RIMBERTO.

243 489 355 556 omisit.
406 489 535 552 Libram
557 489 632 552 olim
653 488 688 551 in
714 487 843 553 Corbeia
865 489 958 552 veteri
973 487 1092 573 fuisse,
1118 488 1208 552 ualde
1230 499 1274 553 est
1294 490 1372 553 oeri-

241 575 343 639 simile
353 575 373 638 ¹.
420 574 593 638 Lectionem
614 575 748 638 enotavit
772 573 805 636 V.
833 573 878 637 Cl.
902 573 941 637 A.
965 572 1124 637 Molinier.

328 658 362 746 3)
386 658 489 724 Codeoc
503 659 768 723 Ambianensis
785 681 834 722 nr.
848 659 923 739 461,
943 659 1067 723 membr.
1082 683 1160 723 saec.
1176 658 1333 744 XIIIJXI
1342 660 1371 725 V.

243 745 307 809 ‘Fa
330 745 421 810 libris
446 745 637 809 Corbeiensis
659 745 854 808 monasterii’
883 767 979 808 mann
1005 767 1082 808 saec.
1106 743 1215 808 XVII.
1240 755 1372 825 notatas,
1453 744 1457 751 ’

235 832 298 918 fol.
317 832 368 898 41.
390 832 464 895 inde
491 854 510 892 a
539 854 607 915 cap.
627 835 656 897 7.
682 841 805 894 nostrae
831 830 979 894 editionis
1003 828 1106 894 Vitam
1128 830 1285 894 Ancharii
1307 852 1373 894 con-

242 919 328 996 tinet,
349 917 532 1001 plerumque
559 939 625 979 cum
654 917 673 980 2
695 916 789 980 etiam
811 917 846 978 in
870 915 1035 980 leuioribus
1059 917 1289 996 convenientem,
1311 938 1372 980 non

242 1013 344 1066 tamen
366 1025 404 1066 ea
425 1025 459 1066 eo
481 1003 680 1086 descriptam,
702 1001 756 1065 sed
773 1024 817 1065 erc·
830 1001 984 1064 communi
994 1002 1085 1084 sonte
1103 1002 1253 1066 haustam.
1297 999 1372 1066 Gom

242 1088 424 1151 Rimbertus
456 1087 569 1150 librum
599 1109 687 1151 suum
719 1086 950 1150 Corbeiensibas
985 1087 1219 1167 transmisisset,
1250 1109 1288 1150 eu
1319 1089 1373 1150 hoc

242 1172 416 1257 exemplari
426 1183 586 1257 utrumque
601 1173 733 1236 codicem
746 1173 762 1235 1
779 1182 806 1236 et
819 1173 838 1235 2
850 1195 912 1236 esse
925 1182 1069 1250 sumtum,
1076 1172 1179 1257 facilc
1192 1173 1373 1254 conieceris,·

243 1270 380 1322 ohannen
409 1281 478 1322 cam
507 1260 527 1323 3
556 1260 652 1322 etiam
684 1256 862 1322 Gaaldonis
890 1257 993 1320 Vitam
1022 1258 1175 1321 contineat
1202 1259 1372 1337 metricam,

242 1367 320 1429 qaae
350 1343 385 1406 in
414 1345 551 1428 capitum
580 1344 733 1407 divisione
761 1353 789 1406 et
817 1344 852 1406 in
880 1344 1038 1406 nemimem
1056 1342 1177 1428 formis
1202 1343 1373 1407 scribendis

241 1429 353 1514 ubique
373 1429 447 1513 fere
474 1452 543 1492 cum
570 1431 589 1493 2
616 1439 644 1492 et
669 1429 689 1493 3
717 1429 867 1508 convenit,
893 1429 997 1512 potius
1018 1427 1189 1512 eccemplam
1211 1451 1289 1494 saec.
1313 1429 1371 1492 XI.

235 1515 362 1599 factum
401 1513 562 1579 Corbeiam
596 1514 712 1578 uenisse
747 1513 848 1599 ibique
884 1536 945 1578 esse
979 1515 1167 1598 descriptum
1201 1515 1371 1578 statuerim.

249 1600 381 1663 Variam
404 1601 560 1664 lectionem
583 1623 604 1663 a
626 1600 708 1663 socio
730 1609 834 1663 nostro
853 1600 914 1662 Dr.
934 1598 1184 1684 Holder-Epper
1205 1600 1372 1686 dilipenter

242 1696 396 1750 enotatam
426 1697 551 1772 praeter
583 1695 706 1770 apertos
737 1685 855 1748 calami
883 1707 1005 1749 errores
1033 1706 1150 1749 omnem
1179 1685 1371 1772 afferendam

241 1772 330 1836 dani.
385 1769 488 1844 Quum
513 1770 671 1855 plurimas
700 1792 769 1834 vero
799 1771 1024 1834 emendationes
1052 1792 1147 1834 manu
1177 1794 1254 1835 saec.
1281 1771 1371 1837 XVI.

242 1857 288 1920 ael
309 1856 343 1918 X
350 1856 419 1919 VII.
436 1856 548 1940 factos
565 1855 682 1919 nullius
704 1878 766 1920 esse
783 1857 889 1940 pretii,
899 1854 1004 1940 facile
1021 1867 1065 1920 est
1081 1857 1243 1922 intellecta.
1284 1857 1371 1920 Idem

241 1942 278 2005 de
298 1942 391 2005 initio
409 1945 490 2005 vitae
508 1941 544 2004 in
561 1941 583 2005 4
593 1941 691 2027 foliis
707 1941 880 2005 chartaceis
897 1952 965 2026 post
982 1941 1120 2026 suppleto
1138 1943 1302 2006 dicendam
1319 1951 1372 2021 est,

241 2029 355 2111 qnippe
419 2027 460 2089 od
480 2049 518 2098 eu
541 2027 643 2090 codice
665 2026 851 2090 recensionis
869 2026 901 2088 B
920 2036 1054 2091 minctum
1072 2027 1113 2090 sit
1131 2028 1288 2112 (indicaui
1305 2026 1371 2110 3⁶).

326 2112 382 2176 Bl
436 2111 539 2176 Codes
573 2112 695 2175 archivi
728 2111 848 2196 publici
882 2112 1194 2176 Monosteriensis
1229 2114 1261 2192 I,
1298 2115 1371 2194 228,

241 2198 365 2262 membr.
389 2221 466 2262 saec.
486 2196 569 2278 XII,
596 2197 671 2261 olim
693 2198 875 2262 monasterii
897 2196 1176 2282 Abdinphofensis,
1203 2199 1254 2261 cai
1276 2221 1297 2260 a
1323 2199 1372 2262 Vi

241 2283 339 2346 celino
371 2290 449 2348 dono
479 2283 573 2347 datus
604 2293 661 2361 est,
693 2284 821 2367 ideoque
852 2285 946 2348 codeoc
977 2282 1111 2347 Vicetini
1140 2284 1230 2369 culpo
1261 2283 1373 2363 dictus,

240 2369 355 2432 nostris
390 2368 575 2453 temporibus
611 2369 644 2431 in
681 2368 861 2433 bibliotheca
896 2367 930 2436 V.
964 2369 1009 2436 Cl.
1043 2369 1150 2454 Meyer
1186 2369 1373 2454 capitularis

241 2453 384 2517 ecclesiae
403 2453 593 2518 cathedralis
609 2454 874 2519 Paderbornensis
892 2465 1068 2519 asservatas
1083 2465 1110 2519 et
1124 2477 1145 2517 a
1162 2455 1201 2522 G.
1217 2455 1257 2521 H.
1271 2454 1372 2533 Pertz,

242 2539 296 2623 qui
326 2561 360 2602 eo
390 2561 464 2602 usus
494 2549 552 2618 est,
585 2536 642 2604 SS.
661 2539 712 2619 II,
742 2563 774 2624 p.
798 2540 872 2606 378.
895 2539 1078 2625 descriptus.
1128 2539 1274 2620 Librum,
1305 2562 1372 2603 con-

242 2625 361 2688 cedente
382 2625 414 2689 V.
437 2623 483 2690 Cl.
503 2624 545 2687 H.
566 2626 603 2689 de
621 2621 722 2710 Spbel,
745 2648 861 2690 summo
883 2627 1080 2690 archivorum
1102 2627 1193 2711 repni
1210 2625 1373 2690 Borussici

239 2709 413 2795 praefecto,
439 2711 496 2773 huc
519 2711 751 2790 transmissam,
778 2712 889 2774 iterum
913 2711 1079 2795 dilipcnter
1101 2713 1236 2791 eacussi,
1262 2721 1289 2774 et
1311 2721 1383 2774 non'

241 2795 341 2858 solum
363 2795 440 2859 libri
454 2795 609 2879 formam,
626 2806 661 2858 ut
682 2819 779 2880 supra
802 2819 816 2860 e
862 2799 974 2860 ositum
997 2807 1050 2876 est,
1072 2820 1109 2861 ecc
1131 2797 1260 2860 consilio
1281 2797 1371 2859 ualde

241 2889 408 2959 mutatam,
434 2882 488 2945 sed
514 2883 609 2945 etiam
632 2882 758 2967 sinpula
780 2821 872 2946 oeraeidc
893 2883 1073 2967 saepissime
1095 2893 1242 2967 corrupta
1264 2883 1371 2966 depre-

241 2964 342 3028 hendi.
395 2963 500 3038 Quare
526 2967 681 3051 intepram
707 2968 774 3031 eius
800 2968 995 3047 uarietatem,
1024 2969 1117 3031 etiam
1144 2990 1164 3029 a
1187 2967 1371 3030 Dahlmann

241 3051 369 3122 minime
397 3050 486 3135 plene
515 3063 684 3132 enotatam,
714 3052 828 3139 afferre
855 3053 959 3134 nolui,
987 3053 1040 3117 sed
1066 3053 1192 3116 nonnisi
1217 3075 1295 3136 quae
1321 3074 1371 3114 res

240 3136 328 3219 ipsos
359 3147 490 3221 tanpant
518 3138 674 3218 indicavi,
704 3161 820 3203 necnon
849 3138 989 3203 lectiones
1018 3161 1084 3217 eas,
1118 3160 1195 3222 perae
1226 3160 1293 3200 cum
1325 3158 1370 3200 co·

240 3221 360 3284 dicibns
381 3223 533 3307 penninac
559 3225 745 3288 recensionis
767 3225 955 3289 conveniunt.
1008 3221 1094 3296 Quae
1118 3224 1250 3286 codicem
1272 3222 1371 3286 nostri

240 3307 260 3371 3
283 3307 416 3371 similem
431 3307 641 3390 fundamento
663 3331 726 3373 esse
744 3311 882 3394 positam
900 3309 1044 3394 probant.

325 3392 396 3478 Be)
427 3391 531 3458 Codeoc
552 3393 748 3458 bibliothecae
771 3394 1080 3478 Hamburpensis,
1103 3393 1185 3459 Hist.
1208 3393 1264 3456 civ.
1282 3394 1368 3458 Dan.

232 3477 296 3563 fol.
319 3501 368 3544 nr.
389 3481 445 3558 22,
468 3480 565 3543 chart.
587 3503 664 3544 saec.
684 3478 817 3560 XVIII,
840 3480 915 3544 olim
937 3475 1162 3566 Lindenbropii
1186 3479 1239 3561 (de
1262 3501 1320 3564 quo
1342 3502 1368 3543 o.

240 3563 355 3645 ‘Arch’
387 3563 439 3644 VI,
465 3589 496 3648 p.
521 3566 583 3630 236
606 3566 685 3650 sqq.)
691 3614 702 3645 ,
725 3589 802 3651 pap.
835 3566 1027 3647 167-226,
1057 3587 1117 3628 ωηο
1138 3564 1225 3650 folio
1255 3565 1369 3628 amisso

238 3648 353 3733 incipit
376 3650 411 3712 in
435 3650 535 3715 medio
557 3653 661 3736 copi
685 3651 822 3735 (nostrae
845 3650 1016 3734 editionis).
1072 3649 1190 3736 Ubique
1204 3650 1279 3734 fere
1302 3672 1369 3713 cum

240 3735 289 3797 Bl
313 3737 460 3814 convenit,
483 3736 635 3800 nonnulla
657 3746 770 3815 tamen,
791 3736 891 3800 uerbis
912 3738 1034 3801 omissis
1051 3737 1098 3800 uel
1116 3737 1253 3815 mutatis,
1275 3736 1369 3799 etiam

239 3819 367 3883 liberius
394 3821 513 3900 reddit,
540 3822 588 3884 ita
613 3833 645 3884 ut
666 3822 865 3902 Dahlmann,
892 3823 946 3906 qui
971 3823 1036 3885 eius
1062 3822 1205 3885 notitiam
1232 3822 1298 3884 iam
1325 3821 1369 3884 ad

229 3905 326 3988 finem
353 3906 539 3970 recensionis
564 3929 739 3992 properans
760 3909 894 3993 accepit,
917 3908 1018 3971 minus
1040 3917 1132 3988 recte,
1159 3908 1297 3971 ‘omnino
1319 3929 1368 3993 pe-

238 3991 368 4054 nninam
387 3991 498 4055 uitam'
521 3993 570 4054 hic
588 4004 720 4072 eastore,
742 3994 929 4057 iudicaverit
937 3991 959 4058 ².
999 3991 1141 4057 Codicem
1160 3992 1292 4057 beniuole
1310 3995 1368 4055 huc

238 4077 455 4142 transmissum
477 4078 601 4141 contuli.

240 4211 265 4276 1)
291 4212 333 4280 CV.
352 4231 423 4282 quae
440 4214 516 4283 infra
534 4216 567 4269 de
584 4216 728 4272 Lambecii
743 4223 769 4272 et
785 4217 941 4272 Duchesnii
957 4217 1120 4272 editionibus
1137 4216 1205 4271 disci.
1275 4214 1302 4280 2)
1324 4217 1368 4269 De

238 4281 329 4335 eodem
347 4283 395 4350 api
410 4284 509 4349 codtce,
530 4289 587 4337 tum
605 4285 663 4338 etus
681 4285 826 4353 descriptio
844 4286 904 4350 (‘oh
922 4287 999 4340 initio
1017 4285 1150 4352 trunca'),
1168 4291 1226 4340 tum
1244 4285 1368 4352 stnputae

237 4365 307 4418 qnae
327 4351 408 4418 affert
424 4352 549 4408 lectiones
562 4353 690 4420 probant.
