3154 5016
612 1078 752 1178 VITA
783 1078 1073 1178 RIMBERTI.

373 1424 467 1524 Vitae
490 1460 645 1524 Aaskarii
666 1460 780 1524 addere
801 1460 903 1544 piacet
925 1458 1028 1523 Vitam
1051 1461 1216 1540 Rimberti,
1238 1462 1291 1545 qui
1312 1460 1403 1523 illam

280 1546 461 1631 conscripsit
489 1558 517 1610 et
542 1546 691 1609 secundus
718 1545 1031 1630 Hammaburpeusem
1059 1548 1123 1610 iam
1150 1570 1216 1610 cum
1245 1547 1405 1610 Bremmsi

280 1635 474 1696 corsiuuetam
506 1632 606 1695 sedem
639 1632 742 1696 tenuit.
798 1631 906 1694 Pauca
934 1655 1011 1716 quae
1040 1632 1067 1694 b.
1099 1656 1139 1697 m.
1173 1631 1212 1699 G.
1242 1633 1283 1696 H.
1314 1632 1405 1695 Pertz

281 1718 357 1802 (58.
381 1718 432 1796 II,
456 1742 489 1803 p.
504 1717 582 1802 764)
604 1717 769 1801 praefatus
790 1727 833 1780 est
854 1718 928 1780 liaeo
948 1729 1034 1781 suat:

364 1802 468 1888 ‘Opus
490 1804 543 1866 ior
565 1803 725 1886 superstite
744 1802 931 1886 Adalpurio,
955 1804 1110 1868 Rimberti
1131 1825 1297 1868 successore
1306 1802 1327 1879 ¹,
1351 1803 1405 1865 sed

286 1887 384 1954 certe²
403 1911 463 1952 uon
481 1889 518 1953 ab
536 1890 613 1972 ipso,
633 1888 687 1950 sed
704 1888 744 1950 ab
758 1889 823 1951 alio
837 1889 982 1972 quodam,
1000 1901 1056 1952 aut
1072 1890 1215 1954 ecclesiae
1228 1887 1406 1952 Bremerrsis

280 1975 399 2054 clerico,
422 1985 476 2037 aut
504 1974 651 2038 monacho
677 1971 873 2038 Gorbeieusi3
903 1976 1101 2060 compositum
1129 1986 1187 2054 est,
1216 1997 1302 2059 quem
1325 1975 1406 2037 iuter

280 2061 450 2144 discipulos
481 2061 629 2124 amicosae
658 2059 812 2123 Riusberti
833 2059 937 2143 fuisse
965 2061 1130 2139 credimus,
1163 2061 1232 2125 iicet
1263 2059 1406 2124 morienti

281 2148 510 2232 archiepiscopo
531 2168 593 2210 rsou
614 2144 763 2229 adfisesit.
809 2145 946 2209 Noverat
970 2144 1073 2210 Vitam
1090 2147 1257 2228 Auskarii
1280 2167 1406 2229 eamque

280 2232 365 2295 haud
382 2235 429 2295 ita
442 2254 589 2317 prospero
602 2253 736 2294 successu
754 2232 894 2294 imitatus
911 2241 953 2295 est
957 2254 970 2312 ,·
991 2233 1143 2316 siquidem
1160 2233 1239 2296 scitu
1256 2232 1405 2317 dipuiora

278 2319 313 2380 iu
326 2319 390 2380 vita
404 2317 569 2397 Rimberti,
589 2340 612 2381 e.
627 2338 655 2400 p.
672 2339 749 2400 quae
767 2318 802 2380 iu
821 2316 970 2401 lepatioue
987 2341 1046 2380 saa
1058 2329 1229 2402 persperat,
1248 2317 1360 2395 omisit,
1378 2326 1406 2378 et

280 2402 432 2467 monaulla
458 2403 542 2466 alias
563 2413 636 2466 uota
658 2403 705 2465 od
726 2402 854 2466 inutilia
877 2403 995 2487 referre
1017 2405 1099 2474 satis,
1117 2404 1231 2468 tabuit.
1284 2401 1405 2465 Editio-

281 2491 331 2553 ais
352 2498 475 2552 uostrue
497 2488 637 2553 subsidia
653 2487 802 2572 fueruat:

368 2575 399 2656 1)
426 2573 528 2638 Codes
548 2574 680 2638 Vicdiai
700 2595 799 2659 supra
823 2573 868 2658 (p.
883 2572 918 2659 8)
939 2585 1134 2656 memoratae,
1158 2576 1243 2638 cuius
1265 2574 1405 2638 lectiones

278 2662 459 2747 pierumque
481 2671 598 2724 secutus
620 2657 718 2725 sum4.

366 2746 399 2830 2)
427 2745 539 2810 Editio
563 2746 651 2808 Phili
702 2746 709 2760 ⁹
733 2743 879 2808 Caesaris
904 2745 940 2808 iu
970 2746 1201 2831 Triapostolatu
1227 2745 1405 2830 septentrio-

280 2835 331 2896 uis
361 2857 391 2918 p.
417 2833 601 2898 127-168.
683 2831 803 2894 olouiae
834 2854 863 2897 a.
890 2832 974 2897 1642
1005 2833 1040 2894 iu
1066 2834 1128 2898 8V0.
1186 2833 1332 2895 Iustituta
1362 2839 1406 2892 est

281 2942 336 3003 ope
358 2919 473 2982 codicis
489 2918 622 2982 eiusdem
646 2916 900 3001 Hambarpmsis,
923 2918 978 3001 qui
1003 2917 1088 2981 Vitas
1107 2915 1165 2980 SS.
1189 2917 1357 2982 Wiileiadi
1379 2925 1406 2978 et

282 3004 437 3068 Auskorii
468 3003 652 3082 continebat,
686 3012 775 3086 atque
808 3025 875 3065 cum
907 3004 1008 3067 codice
1043 3002 1173 3066 Vicetini
1203 3004 1237 3066 iu
1267 3000 1405 3065 erunibus

274 3091 347 3175 fere
373 3092 421 3154 ita
448 3090 621 3174 emsspirat,
649 3099 682 3151 ut
708 3110 746 3150 ere
768 3090 921 3152 communi
943 3112 1009 3152 cum
1031 3110 1065 3152 eo
1080 3088 1170 3174 fonte
1183 3088 1317 3173 fluuisse
1339 3109 1405 3150 cea-

284 3177 395 3239 seudus
417 3176 487 3239 sit5.

367 3260 401 3344 3)
430 3259 540 3323 Editio
565 3261 601 3323 iri
629 3260 717 3322 Actis
744 3256 801 3323 SS.
852 3259 1020 3323 Februarii
1045 3261 1078 3325 Τ.
1106 3261 1133 3325 Ι.
1158 3283 1191 3345 p.
1215 3259 1405 3338 554-566,

281 3369 336 3430 ope
362 3347 501 3410 codicum
530 3347 662 3409 duorum
686 3345 720 3429 (3
728 3367 758 3411 a.
782 3344 841 3427 3b)
867 3345 1144 3410 Carthasiauorum
1170 3345 1405 3424 coloniensium,

281 3443 308 3494 et
330 3433 415 3495 tertii
437 3432 471 3517 (3
480 3432 508 3514 c)
531 3431 732 3494 Bodecseasis
753 3431 912 3511 iustituta;
935 3433 985 3494 cui
1006 3443 1095 3515 atque
1120 3431 1295 3496 Coloniensi

367 3517 477 3581 Editio
498 3516 681 3580 Mabillouii
706 3518 741 3579 ia
763 3517 849 3580 Actis
873 3515 929 3584 SS.
957 3516 991 3584 0.
1016 3516 1048 3583 S.
1073 3518 1112 3581 Β.
1141 3540 1216 3584 saec.
1238 3519 1297 3596 IV,
1319 3540 1352 3602 p.
1374 3518 1405 3596 2,

280 3629 311 3687 p.
326 3604 516 3671 471—485.
538 3603 695 3667 inuititur.

367 3687 458 3753 Sarii
483 3690 578 3754 editio
605 3690 649 3751 ad
669 3689 700 3751 d.
727 3688 756 3752 4.
781 3688 948 3752 Februarii
974 3689 1008 3752 ob
1030 3691 1135 3754 stilum
1162 3699 1311 3752 mutatum
1339 3688 1405 3751 uui·

284 3775 343 3838 lius
364 3775 512 3839 utilitatis
528 3776 607 3860 fuit.

283 3928 308 3995 1)
331 3928 460 3996 0ap.12;
486 3927 522 3996 ef.
541 3945 600 3996 cap.
620 3929 661 3995 15,
684 3930 732 3984 ubi
748 3929 781 3983 ds
799 3930 912 3996 epistota
931 3931 1068 3998 superstiti
1084 3931 1173 3984 adhue
1191 3931 1303 3984 mouisti
1320 3929 1404 3982 Here·

280 3999 355 4051 sensi
378 3999 481 4066 sarapta
502 4000 627 4066 loquitur.
702 3997 936 4065 2)0ap.12.21.
1012 3998 1038 4064 3)
1063 3999 1111 4053 Ee
1134 3999 1240 4052 Adamo
1264 3999 1408 4051 Bremeast

281 4066 326 4121 tib.
344 4067 370 4133 Ι,
389 4084 411 4121 e.
425 4067 466 4122 32.
535 4065 562 4132 4)
580 4067 676 4121 Etiam
692 4067 829 4120 seniendi
841 4068 983 4132 rationem,
1000 4069 1124 4136 quamuis
1139 4084 1157 4121 a
1169 4069 1273 4121 saecuti
1285 4068 1339 4120 IX.
1352 4082 1406 4119 usu

278 4136 373 4202 paullo
395 4136 572 4201 recedentem,
590 4136 748 4204 plerumque
769 4136 875 4189 retinui.
917 4135 1023 4202 Sorr'psi
1042 4142 1132 4190 tamea
1154 4152 1185 4189 ae
1212 4143 1236 4190 et
1258 4152 1288 4189 oe
1309 4150 1359 4202 pro
1382 4151 1405 4200 e,

281 4204 353 4273 quod
373 4205 418 4258 dte
437 4206 608 4271 plerumque,
631 4219 686 4257 uon
708 4210 797 4258 tamer
816 4210 981 4269 constanter,
1004 4205 1119 4259 euhibet.
1159 4206 1308 4260 Praeterea
1324 4219 1406 4270 saepe

282 4288 365 4339 cpro
388 4276 401 4325 t
424 4275 508 4338 pouit.
547 4273 589 4326 W.
670 4272 698 4337 5)
717 4273 816 4327 Multis
839 4274 904 4326 toris
926 4274 1108 4341 principalem
1134 4275 1232 4328 radicis
1259 4273 1405 4337 tectiorem,

279 4347 344 4408 post
361 4341 530 4396 emendatam
552 4341 656 4395 suadet
675 4342 699 4394 2.
742 4341 816 4396 Certe
837 4343 917 4396 etiam
935 4343 1023 4397 artius
1043 4359 1124 4411 quam
1143 4344 1172 4396 iu
1195 4343 1257 4396 Vua
1275 4341 1409 4396 Amtarii

281 4410 352 4463 iuter
369 4425 398 4462 se
416 4411 554 4464 coniuncti
569 4416 634 4464 suut
649 4410 680 4464 hi
697 4410 807 4464 codices.
846 4411 888 4465 W.
