3154 5016
310 1247 551 1312 INCIPIUNT*
574 1245 785 1311 CAPITULA
806 1245 923 1310 LIBRI
946 1244 1189 1323 SEQUENTIS.

273 1386 398 1484 Textus
419 1416 631 1500 praefationis
654 1417 782 1484 devita
806 1423 838 1482 et
861 1417 1103 1481 conversatione
1122 1417 1316 1480 sanctissimi

185 1507 289 1590 patris
311 1503 463 1568 Anslrarii
485 1503 581 1586 primi
603 1501 899 1585 Nordalbingorum
923 1502 1164 1584 archiepiscopi,

273 1593 302 1655 2.
348 1590 495 1666 Qualiter
524 1588 565 1653 ab
596 1589 733 1653 Infantia
765 1588 965 1672 spiritalibus
993 1590 1036 1651 sit
1065 1587 1317 1652 revelationibus

187 1679 323 1743 caelitus
346 1676 536 1758 inspiratum
567 1681 599 1739 et
627 1675 715 1757 quod
740 1682 815 1758 post
842 1680 980 1739 mortem
1006 1675 1120 1739 matris
1148 1695 1225 1737 suae
1246 1674 1316 1755 ipse

186 1765 220 1827 in
242 1762 423 1828 scolaribus
446 1761 626 1842 disciplinis
647 1762 713 1824 iam
735 1763 875 1845 positus,
906 1759 1041 1825 eandem
1062 1765 1200 1824 matrem
1223 1781 1316 1823 suam

186 1853 220 1914 in
247 1849 402 1914 comitatu
429 1853 561 1911 sanctae
583 1845 709 1912 Mariae
730 1870 789 1930 per
809 1847 964 1912 visionem
987 1846 1185 1929 cognoverit,
1215 1851 1246 1909 et
1274 1844 1315 1908 ab

187 1935 300 2000 eadem
321 1934 382 1998 Dei
409 1934 570 2017 genetrice
597 1933 782 1998 admonitus
809 1934 865 2013 sit,
896 1954 959 2015 quo
985 1934 1161 1996 vanitatem
1189 1931 1316 2014 fugiens

188 2027 290 2086 semet
310 2021 414 2103 ipsum
437 2021 471 2083 in
493 2019 651 2101 gravitate
672 2021 757 2083 vitae
781 2019 968 2084 custodiret.

272 2109 302 2172 3.
348 2105 494 2181 Qualiter
511 2111 586 2187 post
602 2111 740 2169 mortem
753 2105 867 2169 Karoli
884 2104 1090 2186 imperatoris
1108 2104 1177 2186 ipse
1195 2102 1315 2165 mundo

185 2194 252 2257 iam
269 2213 327 2275 per
346 2191 602 2274 compunctionis
616 2190 743 2256 divinae
760 2192 900 2274 gratiam
917 2195 1073 2269 mortuno,
1095 2195 1190 2253 nocte
1203 2194 1317 2252 sancta

184 2283 388 2361 pentecostes
420 2297 440 2340 a
471 2277 602 2341 saeculo
630 2278 822 2358 translatus,
853 2278 958 2360 primo
991 2275 1033 2339 ad
1061 2276 1168 2357 ignem
1198 2295 1317 2356 purga-

185 2365 316 2444 torium,
340 2362 456 2426 deinde
479 2364 577 2426 etiam
599 2369 673 2427 ante
694 2364 892 2446 presentiam
910 2362 1089 2426 maiestatis
1108 2360 1239 2424 Domini
1258 2381 1316 2442 per

186 2450 318 2514 beatum
340 2448 516 2513 Iohannem
543 2448 720 2530 baptistam
746 2455 779 2513 et
805 2456 952 2514 sanctum
974 2447 1107 2511 Petrum
1134 2446 1317 2530 apostolum

187 2535 345 2601 deductus
368 2535 418 2598 sit.

269 2622 300 2685 4.
348 2619 494 2697 Qualiter
523 2641 582 2702 per
612 2620 767 2684 visionem
802 2620 836 2682 in
867 2620 1011 2684 oratorio
1043 2618 1131 2682 beati
1162 2617 1316 2682 Iohannis

185 2707 348 2788 baptistae
366 2705 531 2769 dominum
550 2704 715 2770 Christum
736 2705 853 2770 viderit
875 2705 1033 2769 dicentem
1056 2704 1132 2768 sibi:
1163 2702 1234 2767 ‘Dic
1256 2704 1316 2767 ini-

186 2794 329 2874 quitates
351 2797 435 2871 tuas,
459 2796 496 2854 ut
516 2789 721 2871 iustificeris',
746 2791 934 2873 etreliqua.

271 2880 301 2945 5.
347 2876 493 2955 Qualiter
511 2875 653 2940 animam
671 2875 840 2941 cuiusdam
858 2875 1008 2958 discipuli
1027 2876 1077 2939 sui
1094 2874 1222 2940 nomine
1239 2873 1315 2939 Ful-

185 2963 270 3029 berti
293 2983 313 3028 a
336 2982 471 3045 corpore
493 2961 656 3026 sublatam
679 2961 824 3044 angelico
846 2962 1026 3026 ministerio
1049 2961 1091 3026 ad
1114 2960 1239 3026 caelum
1261 2960 1316 3026 de-

184 3048 263 3114 ferri
293 3055 326 3114 et
354 3050 439 3113 inter
468 3054 648 3130 martyrum
682 3048 812 3131 agmina
846 3047 1000 3112 collocari
1032 3046 1165 3112 caelesti
1193 3047 1315 3114 visione

187 3136 378 3219 cognoverit.

236 3377 261 3442 *)
279 3377 436 3431 &obtamus
452 3377 568 3431 taddeam
585 3377 750 3431 recensiones
766 3377 809 3429 B:

274 3527 430 3569 monumen
445 3527 597 3568 cAPmUnA
611 3528 719 3569 vlnAns
733 3527 825 3568 BEATI
838 3528 982 3570 ANSGARII
995 3527 1236 3570 ARCHIRPISOOPI.

272 3616 296 3667 1.
328 3612 451 3678 Qualiter
473 3614 507 3667 ab
529 3614 646 3668 infantia
669 3615 877 3669 revelationibus
899 3615 956 3669 sitb
983 3615 1095 3668 caeIItus
1117 3615 1264 3682 inspiratus
1287 3620 1315 3670 et

185 3699 233 3750 per
250 3683 379 3736 visionem
398 3699 414 3736 a
431 3682 482 3735 Dei
500 3683 631 3750 genitrice
650 3683 736 3738 Maria
754 3683 914 3747 admonItus
932 3685 964 3737 ut
981 3685 1130 3737 vanitatem
1147 3682 1261 3751 ingeret.

270 3755 294 3806 2.
327 3749 450 3815 Qualiter
468 3753 659 3818 postmortem
672 3752 766 3806 Karoli
783 3753 953 3820 imperatoris
970 3753 999 3806 in
1016 3755 1110 3806 sancta
1127 3755 1203 3806 nocte
1221 3755 1313 3819 pente·

186 3822 271 3874 costes
290 3819 419 3873 deductus
437 3819 474 3872 sit
491 3835 539 3886 per
555 3819 667 3873 beatum
685 3820 831 3874 Iohannem
848 3822 998 3889 baptistam
1017 3825 1046 3875 et
1062 3823 1183 3874 sanctum
1201 3821 1313 3875 Petrum

185 3888 336 3954 apostolum
355 3889 442 3955 primo
460 3887 494 3942 ad
507 3887 599 3955 ignem
613 3890 806 3956 purgatorium,
825 3889 920 3944 deinde
935 3892 998 3943 ante
1012 3890 1182 3944 maiestatem
1196 3889 1313 3944 Domini.

271 3957 297 4010 3.
328 3955 450 4021 Qualiter
476 3957 505 4009 in
531 3957 646 4010 oratorio
669 3957 795 4011 Iohannis
819 3958 955 4026 baptistae
980 3975 1027 4027 per
1050 3959 1179 4012 visionem
1205 3958 1313 4012 Ihesnm

185 4021 322 4078 Christum
339 4025 461 4079 videret⁰
482 4027 510 4078 et
528 4025 580 4078 sibi
598 4027 709 4092 peccata
726 4042 775 4080 sua
792 4027 970 4083 eonfiteretur.

270 4095 295 4147 4.
327 4091 449 4157 Qualiter
471 4094 589 4148 animam
613 4092 739 4161 discipuli
765 4096 808 4149 sui
826 4096 948 4150 Fnlberti
975 4095 1009 4149 ad
1033 4096 1136 4150 caelum
1162 4093 1259 4148 deferri
1284 4099 1313 4149 et

185 4161 257 4215 inter
274 4162 399 4215 martires
417 4162 541 4217 collocari
559 4163 721 4232 cognoverit.

184 4315 207 4364 a)
227 4315 246 4354 1.
261 4326 280 4354 e.
301 4315 323 4354 in
339 4314 407 4353 vitam
425 4315 546 4354 beatissimi
563 4314 592 4355 A.
607 4317 832 4364 Hammsnburgsnsis
851 4329 890 4357 ssu
907 4317 1033 4358 Bremensis
1052 4316 1212 4365 archiepiscopi
1226 4319 1248 4354 et
1266 4327 1315 4356 con·

184 4365 278 4456 {ppsprgp
290 4367 312 4404 ln
328 4365 410 4406 Christi
423 4367 516 4406 nomina.
540 4366 619 4408 Amen.
646 4369 666 4408 B
679 4369 699 4408 8.
751 4369 774 4419 b)
789 4379 837 4408 se.
851 4369 895 4408 des.
909 4371 962 4409 Ba.
1016 4367 1314 4419 e)v1der1t...eonsessus

1323 1264 1363 1305 SS.
1374 1265 1404 1315 ΙΙ,
1415 1278 1439 1314 p.
1449 1265 1495 1307 687.
