3154 5016
289 409 323 463 84
712 407 799 462 VITA
818 408 1002 463 RIMBERTI.

289 561 401 641 latum,
421 561 498 645 quia
517 581 684 625 successor
701 560 749 624 illi
768 561 802 624 in
824 561 1012 645 episcopatu
1030 561 1159 627 futurus
1177 561 1299 627 fuisset.
1337 563 1423 629 Nam

290 668 362 711 eum
396 648 501 730 primo
537 647 571 711 in
606 645 767 711 discendis
802 647 929 712 artibus
966 653 999 713 et
1029 647 1208 730 disciplinis
1239 650 1423 716 scolaribus

289 732 450 797 districtio
480 731 707 815 magistrorum
739 733 768 797 ei
798 734 1031 814 remitteretur,
1064 733 1151 817 quod
1182 735 1304 799 usitata
1332 735 1423 802 loeu-

288 821 376 884 tione
403 839 566 901 egressum
594 818 634 883 de
656 818 744 882 scola
766 818 917 899 dicimus,
947 840 1021 884 mox
1044 840 1117 884 eum
1140 818 1275 885 domnus
1299 823 1423 907 episeo-

288 927 348 988 pus
383 903 611 969 indivisibilem
643 924 721 969 suae
751 904 922 988 legationis
954 906 1102 970 comitem
1135 927 1205 970 esse
1241 908 1420 972 constituit.

288 989 540 1074 Venientemqne
563 989 603 1055 de
624 989 773 1073 praefato
796 992 829 1054 in
852 1010 916 1072 quo
939 1011 1012 1055 eum
1033 991 1239 1056 nutriendum
1260 1013 1423 1058 commen-

288 1075 376 1142 davit
408 1076 639 1142 monasteriolo
672 1097 744 1140 oum
773 1076 892 1158 gaudio
922 1078 1077 1158 suscepit,
1110 1078 1337 1161 consciumque
1367 1101 1423 1143 su-

289 1185 381 1228 orum
404 1163 438 1226 in
460 1162 609 1228 omnibus
630 1163 825 1246 permiserat
841 1183 912 1228 esee
930 1168 1103 1246 gestorum,
1127 1161 1244 1246 quibus
1263 1165 1332 1246 ipse
1351 1164 1422 1229 Deo

289 1271 360 1314 curn
391 1250 478 1314 omni
505 1249 627 1329 pietate
654 1249 720 1312 sive
747 1248 873 1313 occulte
899 1249 965 1313 sive
992 1248 1161 1314 manifeste
1188 1248 1419 1316 famulabatur.

375 1338 404 1402 6.
441 1335 587 1417 Denique
614 1355 687 1398 cum
714 1333 854 1416 quadam
882 1334 935 1398 die
961 1335 1054 1399 iuxta
1076 1354 1197 1399 morem
1221 1334 1316 1400 simul
1339 1338 1420 1401 assi-

289 1426 411 1487 sterent
437 1420 479 1484 ad
502 1421 696 1501 orationem,
726 1421 855 1503 iamque
877 1421 1113 1504 supplicatione
1134 1419 1227 1485 finita
1249 1420 1358 1504 egredi
1380 1422 1420 1486 de

187 1524 274 1575 *ratt-
289 1506 426 1573 ecelesia
446 1511 611 1590 pararent,
635 1505 728 1588 quasi
755 1506 943 1571 secrecioris
965 1507 1091 1587 gratiae
1114 1527 1229 1570 munus
1252 1506 1302 1570 *in
1324 1507 1421 1572 disci·

287 1594 364 1676 pulo
387 1592 534 1676 pontifex
552 1611 738 1674 agnoscens,
763 1612 836 1656 eum
855 1592 906 1656 his
924 1592 1031 1657 verbis
1050 1592 1241 1675 alloquitur:
1275 1593 1421 1674 ‘Oportet

288 1679 341 1759 te',
364 1677 487 1761 inquid,
511 1683 540 1741 ‘o
558 1676 605 1742 fili
623 1675 798 1757 Rimberte,
822 1698 948 1760 semper
965 1677 1014 1743 illi
1031 1679 1155 1760 gratias
1174 1699 1280 1761 agere,
1303 1679 1358 1764 qui
1380 1679 1421 1743 de

289 1763 429 1828 turbidis
447 1763 547 1828 seculi
562 1763 715 1828 fluctibus
731 1762 771 1826 ad
788 1770 919 1846 portum
934 1763 1051 1846 quietis
1065 1769 1098 1828 te
1111 1765 1250 1845 vocarit3
1268 1764 1310 1829 ad
1324 1786 1421 1849 quem

289 1851 367 1933 quia
392 1848 484 1915 video
507 1854 540 1914 te
562 1847 785 1913 indubitanter
808 1849 949 1914 animum
974 1849 1171 1933 applicasse,
1193 1849 1309 1931 fateor,
1332 1871 1421 1916 amo·

288 1937 335 2000 ris
357 1936 407 2000 tui
429 1956 480 2000 me
503 1933 620 2000 affeetu
642 1932 791 2016 flagrare,
815 1935 1013 2018 eandemque
1036 1935 1239 2001 dilectionem
1261 1934 1421 2001 finetenus

289 2043 329 2086 ex
349 2041 421 2086 mea
438 2026 532 2102 parte
555 2021 642 2085 cirea
659 2025 692 2084 te
711 2019 838 2101 durare,
857 2042 923 2086 non
941 2020 1092 2086 dubites’.
1140 2020 1200 2086 Oui
1217 2021 1272 2086 ille
1289 2043 1422 2107 respon-

289 2108 384 2172 dens:
424 2106 593 2190 ‘Indignus
623 2107 719 2186 sum',
747 2106 875 2188 inquid,
908 2106 1064 2187 ‘domine,
1096 2112 1189 2172 tanta
1218 2108 1323 2190 gratia
1352 2113 1419 2173 tua.

289 2193 372 2272 Quia
395 2198 503 2258 tamen
525 2192 609 2257 hanc
630 2194 665 2257 in
687 2213 738 2256 me
760 2192 903 2258 ostendis
927 2193 1139 2273 clementiam,
1165 2193 1289 2258 meritis
1313 2191 1420 2281 [tuis⁸]

289 2284 370 2362 aput
390 2279 495 2344 Deum
524 2278 603 2342 mihi
631 2277 769 2342 obtineri
796 2277 951 2362 deposco,
981 2279 1076 2343 utin
1102 2277 1214 2343 futura
1238 2279 1306 2343 rita
1327 2299 1421 2362 prae-

289 2366 427 2430 miorum
445 2370 575 2430 tuorum
596 2364 792 2430 consortium
812 2363 999 2447 adipiscar‘.
1040 2364 1128 2429 Tunc
1147 2369 1278 2430 sanetus
1297 2365 1421 2448 episco-

288 2473 360 2534 pus,
384 2451 475 2516 cuius
498 2456 635 2515 mentem
658 2450 764 2532 gratia
786 2450 847 2514 Dei
870 2451 999 2534 saepius
1021 2449 1180 2515 illustrari
1203 2449 1351 2532 diximus,
1378 2450 1421 2515 ad

287 2534 529 2620 praenoscenda
558 2557 641 2619 quae
669 2536 718 2599 illi
747 2535 858 2600 futura
885 2541 1004 2616 essent,
1034 2536 1085 2600 his
1111 2536 1218 2600 verbis
1240 2534 1420 2619 dignissimi

289 2622 447 2687 Rimberti
474 2621 597 2686 nullum
620 2620 815 2705 quidemad
836 2642 990 2704 praesens
1012 2620 1102 2686 dedit
1123 2641 1329 2705 responsum3
1355 2627 1421 2687 ter-

288 2710 336 2773 tia
365 2729 439 2773 vero
469 2706 520 2772 die
548 2713 729 2788 transacta,
759 2708 830 2790 ipso
856 2708 921 2772 iam
949 2707 1166 2773 sollieitudine
1189 2708 1419 2790 cogitationum

289 2793 441 2878 fatigato,
471 2814 572 2876 quare
601 2793 725 2858 scilicet
751 2793 793 2857 ad
819 2792 903 2858 hane
923 2794 1116 2878 peticionem
1139 2813 1231 2858 suam
1253 2795 1421 2858 reticuerit

290 2882 471 2964 episeopus,
501 2880 598 2944 talem
629 2880 660 2943 ei
685 2877 827 2943 reddidit
853 2879 1122 2944 consolationem:
1159 2879 1269 2958 ‘Iam’,
1296 2879 1418 2962 inquid,

290 2966 431 3031 ‘obtinui
454 2985 475 3030 a
493 2965 643 3046 Domino,
668 2966 759 3030 utin
781 2964 892 3029 futuro
916 2964 1034 3044 seculo,
1058 2964 1142 3029 sieut
1163 2965 1284 3046 petisti,
1308 2964 1349 3030 ab
1371 2966 1420 3029 in-

288 3053 389 3118 vicem
417 3073 481 3116 non
504 3072 705 3134 separemur3
735 3051 791 3115 ubi
812 3051 859 3115 ita
881 3049 1092 3116 beatitudinis
1115 3055 1266 3115 aeternae
1287 3051 1420 3134 partiei-

289 3158 345 3222 pes
369 3138 498 3217 erimus,
521 3139 568 3201 sib
588 3157 691 3221 neque
713 3142 826 3201 nostra
847 3158 908 3201 nos
929 3137 1048 3201 virtute
1070 3136 1113 3201 ad
1135 3135 1219 3200 hanc
1236 3138 1419 3219 pertingere

289 3244 384 3306 posse
412 3243 671 3305 praesumamus,
700 3222 787 3304 quod
817 3228 866 3286 est
891 3229 1004 3287 reatus
1027 3222 1212 3308 superbiae,
1242 3242 1419 3306 perquam

291 3308 475 3374 ceciderunt
505 3309 559 3390 qui
592 3315 767 3390 operantur
795 3309 1015 3390 iniquitatem
1046 3329 1106 3373 neo
1133 3318 1267 3373 rursus⁰
1293 3307 1419 3372 desidia

147 3415 228 3463 rusa
242 3413 274 3453 1⁴·
288 3400 453 3478 torpentes
484 3392 710 3458 obliviscamur
739 3392 825 3476 quod
857 3393 989 3458 dicitur:
1018 3395 1058 3457 In
1083 3395 1152 3458 Deo
1170 3393 1329 3478 sociemus
1357 3395 1419 3458 oir-

289 3492 401 3562 tutem
432 3486 480 3544 set
510 3479 646 3544 cotidied
676 3479 877 3560 studeamus,
910 3485 947 3543 ut
974 3478 1093 3544 bonum
1123 3500 1217 3562 opuS,
1248 3481 1332 3545 sicut
1362 3479 1418 3544 ad·

289 3573 397 3631 monet
423 3566 538 3632 beatus
561 3563 769 3647 Gregorius2,
798 3564 959 3630 habeatur
981 3565 1075 3630 nobis
1104 3566 1137 3629 in
1165 3563 1345 3644 voluntate;
1381 3585 1419 3630 ac

289 3654 336 3717 sie
364 3657 596 3735 consequenter
625 3649 838 3729 confidamus,
867 3652 945 3734 quia
973 3651 1065 3715 iuxta
1094 3649 1230 3716 eundem
1253 3650 1418 3716 doctorem

289 3759 328 3803 ex
360 3738 522 3804 adiutorio
554 3738 662 3802 divino
694 3739 757 3803 erit
783 3737 816 3803 in
846 3736 1066 3820 perfectione'.
1122 3735 1157 3800 Si
1185 3757 1280 3818 quem
1310 3743 1417 3801 autem

290 3833 404 3905 movet,
429 3824 513 3889 hanc
536 3825 633 3889 trium
657 3822 992 3888 dierumdilationem
1015 3821 1057 3886 ad
1078 3820 1140 3887 hoc
1161 3842 1350 3905 responsum
1373 3821 1418 3886 fe-

289 3911 371 3974 cisse
394 3911 592 3992 episcopum,
619 3910 802 3974 meminerit
821 3929 881 3973 nos
903 3907 1117 3991 praedixisse,
1145 3914 1283 3972 mentem
1306 3909 1418 3972 eiusa

289 3996 395 4079 gratia
424 3994 485 4059 Dei
516 3994 558 4058 ad
588 3993 831 4077 praenoscenda
859 3993 970 4059 lutura
998 3993 1126 4076 saepius
1155 3992 1347 4074 illuminari,
1379 3992 1418 4057 de

289 4102 353 4164 quo
380 4085 489 4146 tamen
510 4079 561 4144 his
585 4081 663 4162 ipsis
684 4100 767 4163 quae
790 4079 936 4145 subiecta
958 4085 1033 4145 sunt
1054 4078 1161 4144 verbis
1183 4079 1217 4142 in
1238 4080 1306 4144 vita
1328 4079 1416 4144 eius¹

289 4168 336 4231 ita
364 4168 521 4250 seriptum
548 4164 703 4231 habetur:
743 4167 795 4230 Ad
821 4168 927 4231 omnio
949 4188 1022 4250 erpo
1043 4189 1122 4250 qaue
1137 4164 1225 4249 forte
1241 4166 1417 4250 praecipuo

288 4252 416 4334 definire
442 4253 565 4319 debebat
597 4252 734 4338 matium
760 4253 920 4338 cogitandi
941 4251 1050 4316 tabere
1079 4251 1229 4331 veletur,
1257 4273 1311 4316 nec
1337 4251 1417 4335 quic·
1442 4328 1446 4337 Ι

288 4361 310 4414 a)
323 4364 379 4404 deret
389 4367 407 4405 1.
443 4364 466 4415 b)
479 4375 510 4404 er.
524 4375 552 4403 ne
566 4368 640 4404 nostra
653 4366 672 4404 2.
713 4363 734 4415 e)
747 4374 835 4404 rursum
848 4366 867 4402 fl.
903 4361 1245 4413 d)eodlepoaeorr.eoudlel.
1282 4361 1303 4414 a)
1317 4361 1416 4402 veruna.

291 4441 316 4507 1)
336 4440 402 4510 Gap.
415 4442 458 4497 36.
527 4444 554 4508 2)
575 4443 655 4495 llum.
673 4443 715 4495 21.
733 4441 764 4495 ic
780 4443 892 4510 Euaap.
