3154 5016
428 346 514 402 VITA
533 345 707 400 ANSKARII
725 346 827 402 AUCT.
845 347 1039 402 RIMBERTO.
1263 351 1297 406 33

170 501 231 565 viri
259 499 385 564 diversa
412 505 525 564 extant
543 501 713 583 praeclara
734 501 888 583 insignia,
918 506 950 564 et
972 502 1041 565 eius
1063 501 1201 566 invictae
1222 500 1299 567 fidei

170 587 274 650 multa
307 586 489 670 probantur
523 586 656 666 indicia,
693 607 776 668 quae
812 587 845 650 in
881 587 1088 670 sequentibus
1121 588 1299 653 evidentius

171 693 375 755 exponemus,

256 758 345 822 *12ει
403 757 539 822 Peracto
562 759 673 841 itaque
697 758 783 841 apud
807 779 862 824 eos
885 758 988 823 altero
1016 758 1148 822 dimidio
1178 780 1261 823 anno
1279 760 1325 836 ¹,*
1383 769 1401 820 ‘.

169 844 309 927 praelati
333 845 414 908 servi
436 843 497 908 Dei
520 865 592 908 cum
615 852 703 909 certo
727 865 804 908 suae
832 844 1002 926 legationis
1025 849 1242 927 experimento
1268 851 1300 910 et

171 953 243 994 cum
277 929 394 994 litteris
425 931 515 1012 regia
551 950 650 994 manu
683 932 790 994 moreb
829 931 972 1013 ipsorum
1011 930 1221 995 deformatis²
1258 931 1300 995 ad

172 1016 410 1080 serenissimum
441 1017 561 1080 reversi
596 1022 672 1081 sunt
703 1022 885 1098 augustum.
942 1015 1023 1092 cuir
1060 1016 1236 1082 honorifice
1267 1022 1300 1081 et

172 1122 242 1166 eum
270 1103 412 1166 maxima
432 1102 564 1184 pietatis
592 1101 808 1166 benivolentia
830 1102 871 1166 ab
900 1123 936 1166 eo
965 1104 1119 1186 suscepti,
1148 1124 1300 1168 narrave-

170 1193 259 1266 runt,
294 1194 417 1270 quanta
443 1189 596 1251 Dominus
624 1209 732 1252 secum
760 1188 873 1271 egerit,
905 1193 937 1252 et
964 1188 1050 1270 quod
1081 1190 1199 1254 ostium
1225 1189 1300 1253 fidei

170 1275 203 1337 in
232 1273 296 1338 illis
325 1273 474 1357 partibus
504 1273 768 1339 advocationem
797 1275 940 1356 gentium
967 1275 1165 1356 patefactum
1191 1276 1298 1339 luerit.

172 1360 243 1425 Hoc
265 1361 374 1443 itaque
394 1360 618 1424 devotissimus
641 1360 776 1424 audiens
798 1361 985 1442 imperator,
1009 1361 1165 1424 immenso
1184 1360 1300 1426 laetifi-

171 1445 308 1510 cabatur
330 1446 457 1529 gaudio.
496 1445 686 1527 Pariterque
708 1447 853 1511 recolens
875 1466 958 1528 quae
976 1448 1042 1510 iam
1065 1446 1152 1529 apud
1170 1446 1300 1512 Danos‘1

172 1531 247 1595 olim
269 1533 356 1596 circa
368 1532 429 1596 Dei
448 1531 570 1615 cultum
590 1538 760 1614 concepta⁰
778 1531 916 1612 fuerant,
937 1537 968 1595 et
985 1532 1098 1596 laudes
1117 1554 1156 1597 ac
1176 1535 1300 1615 gratias

171 1619 382 1700 omnipotenti
405 1617 473 1682 Deo
495 1617 652 1696 referens,
683 1617 800 1682 ardore
826 1616 901 1682 fidei
929 1639 1114 1698 succensus,
1143 1640 1299 1701 quaerere

171 1704 291 1787 coepit,
327 1704 488 1787 quomodo
524 1705 557 1767 in
592 1704 741 1786 partibus
777 1704 950 1786 aquilonis,
987 1705 1020 1766 in
1054 1702 1117 1768 fine
1151 1704 1300 1770 videlicet

171 1791 298 1872 imperii
331 1791 394 1870 sui,
432 1789 540 1854 sedem
576 1791 771 1855 constituere
805 1796 916 1873 posset
951 1791 1178 1874 episcopalem,
1215 1791 1299 1855 unde

171 1896 347 1958 congruum
370 1883 455 1941 esset
477 1877 627 1958 episcopo
651 1876 696 1941 ibi
720 1877 907 1941 consistenti
930 1897 1028 1941 causa
1049 1877 1298 1959 praedicationis

170 1961 243 2026 illas
275 1962 475 2044 frequentius
506 1961 596 2026 adire
623 1968 747 2045 partes,
781 1968 813 2026 et
843 1961 926 2026 unde
956 1964 1053 2026 etiam
1083 1983 1191 2027 omues
1224 1963 1300 2026 illae

172 2047 333 2112 barbarae
355 2049 502 2112 nationes
526 2047 654 2111 facilius
677 2048 872 2130 uberiusque
900 2068 1013 2130 capere
1036 2049 1180 2113 valerent
1201 2048 1300 2113 divini

171 2135 314 2216 mysterii
343 2140 555 2198 sacramenta.
609 2132 706 2197 Gumf
737 2135 848 2216 itaque
875 2154 935 2216 pro
966 2134 1151 2199 huiusmodi
1182 2134 1300 2198 sollici-

170 2219 282 2283 tudine
310 2241 389 2283 cura
416 2220 562 2302 vigilanti
588 2220 739 2299 instaret,
769 2219 963 2302 quibusdam
989 2219 1139 2284 fidelibus
1162 2221 1228 2283 suis
1250 2241 1300 2284 re-

171 2304 349 2370 ferentibus
385 2306 414 2368 ci
446 2305 600 2385 innotuit,
637 2305 737 2387 quod,
773 2304 901 2388 quando
933 2305 1094 2388 gloriosae
1126 2307 1299 2370 memoriae

171 2397 265 2473 pater
287 2412 364 2456 suus
387 2391 527 2456 Karolus
551 2397 708 2473 augustus
732 2412 857 2455 omnem
878 2390 1052 2456 Saxoniam
1076 2392 1162 2456 ferro
1185 2392 1299 2474 perdo-

172 2477 287 2541 mitam
323 2483 356 2542 et
390 2478 465 2560 iugo
498 2476 618 2541 Christi
654 2477 817 2542 subditam
852 2498 910 2560 per
946 2479 1150 2561 episcopatus
1181 2478 1297 2559 divisit,

172 2564 320 2628 ultimam
350 2570 475 2646 partem
507 2564 609 2646 ipsius
639 2564 832 2646 provintiae,
868 2583 951 2645 quae
983 2570 1054 2628 erat
1083 2566 1117 2628 in
1148 2564 1299 2646 aquilone

170 2649 258 2713 ultra
285 2649 427 2729 Albiam,
457 2650 575 2713 nemini
602 2651 826 2732 episcoporum
855 2649 1008 2713 tuendam
1039 2651 1211 2729 commisit,
1243 2650 1299 2714 sed

171 2734 213 2798 ad
239 2734 302 2799 hoc
327 2755 492 2799 reservare
519 2735 674 2815 decrevit,
704 2741 742 2799 ut
770 2735 816 2800 ibi
844 2735 1152 2818 archiepiscopalem
1180 2736 1298 2799 consti-

171 2826 278 2885 tueret
306 2820 429 2901 sedem,
461 2842 500 2885 ex
528 2842 593 2903 qua
623 2821 753 2885 Domini
784 2822 891 2902 gratia
919 2821 1080 2886 tribuente
1108 2821 1206 2885 etiam
1228 2842 1299 2886 suc-

171 2907 273 2971 cessio
300 2905 376 2972 fidei
405 2907 600 2972 christianae
622 2908 655 2971 in
678 2913 805 2970 exteras
826 2904 1000 2989 proficeret
1020 2908 1177 2972 nationes.
1228 2909 1299 2986 Qua

171 2992 210 3057 de
240 3014 275 3058 re
308 2994 504 3077 primitivam
539 2995 636 3058 etiam
677 2992 723 3057 ibi
756 2992 925 3056 ecclesiam
958 3014 1017 3075 per
1044 2992 1204 3076 quendam
1234 2994 1298 3076 epi·

171 3100 304 3162 scopum
322 3078 449 3143 Galliae
469 3079 693 3143 Amalharium
711 3079 839 3142 nomino
858 3080 1041 3143 consecrari
1060 3079 1145 3143 fecit.
1182 3078 1300 3144 Postea

172 3185 301 3248 quoque
327 3166 431 3247 ipsam
454 3165 677 3248 parroechiam
705 3165 833 3230 cuidam
858 3164 1039 3248 presbitero
1061 3163 1221 3229 Heridacg
1242 3186 1299 3230 no-

171 3251 255 3314 mine
278 3251 462 3333 specialiter
484 3250 726 3334 gubernandam
749 3252 921 3331 commisit,
949 3272 1007 3315 nec
1035 3251 1163 3315 omnino
1185 3251 1298 3332 voluit,

172 3341 208 3400 ut
235 3338 331 3402 vicini
362 3338 504 3421 episcopi
538 3336 660 3420 ahquid
685 3339 858 3419 potestatis
886 3358 983 3419 super
1009 3357 1081 3401 eum
1108 3336 1215 3401 locum
1241 3336 1299 3401 ha-

172 3421 293 3487 berent.
360 3425 460 3502 Quem
496 3423 593 3487 ctiam
628 3423 844 3506 presbiterum
879 3423 1062 3487 consecrari
1097 3421 1299 3505 disposuerat

173 3508 372 3590 episcopum,
400 3508 457 3573 sed
483 3509 623 3573 velocior
649 3509 718 3573 eius
746 3507 785 3571 de
813 3507 876 3571 hac
902 3507 975 3572 luce
996 3508 1153 3572 transitus
1175 3507 1237 3570 hoc
1259 3529 1299 3572 ne

171 3590 264 3656 fieret
301 3593 474 3676 impedivit.
537 3594 635 3658 Posth
671 3593 796 3659 obitum
834 3595 944 3675 itaque
979 3598 1091 3657 tantae
1125 3593 1299 3658 memoriae

171 3746 315 3798 ⁸)(26)²?³·
338 3748 428 3788 θιιαιάο.
489 3746 824 3797 b)mecm·r.m.e.XVII.3.
876 3746 1020 3798 emutat.
1073 3746 1299 3797 d)nos1;ol.apud

170 3799 246 3838 Dauos
260 3800 279 3838 2.
290 3799 311 3838 8.
320 3800 347 3839 Β.
390 3798 410 3850 e)
423 3802 541 3848 concoepta
555 3801 574 3838 1.
620 3798 724 3850 naccum
738 3810 784 3848 cop.
798 3799 841 3849 (Ξῖ)
854 3801 894 3838 ino.
910 3797 962 3839 alt.
988 3797 1078 3840 marm.
1118 3797 1141 3850 g)
1155 3798 1298 3852 Herldach23

172 3850 270 3899 Hevldag
278 3851 304 3890 B.
344 3851 368 3898 h)
382 3861 457 3890 aecum
471 3861 517 3901 cap.
533 3848 576 3900 (²8)
588 3851 630 3888 inc.
645 3849 676 3889 2?
688 3852 708 3890 3.
724 3849 815 3890 Gaudio.

172 3969 198 4035 1)
212 3970 238 4024 b.
252 3986 273 4022 e.
287 3987 360 4026 cano
373 3988 435 4026 cum
448 3971 568 4036 dimidio,
580 3971 662 4038 plane
675 3977 797 4025 matram
811 3969 1010 4026 ‘aadcrtholb'.
1028 3972 1066 4024 D.
1119 3969 1146 4038 2)
1158 3973 1244 4026 Nemo
1257 3973 1298 4024 ia·

166 4038 245 4104 fitius
263 4046 319 4104 eat,
341 4041 373 4094 dc
395 4042 474 4094 runis
495 4041 539 4094 bic
560 4055 707 4094 samonam
725 4056 794 4105 esse,
817 4040 951 4107 obsidam
968 4057 1041 4094 rana
1053 4041 1089 4107 fit
1105 4041 1217 4109 quaevis
1234 4047 1299 4094 nota

171 4108 253 4174 rano,
271 4109 359 4175 lapidi
374 4110 464 4162 taccat
482 4116 519 4164 ta.
550 4109 691 4176 Epistulae
704 4109 742 4162 cd
754 4109 952 4175 imperatorem,
969 4110 1041 4177 repis
1054 4125 1138 4163 manu
1150 4110 1180 4162 ta
1193 4108 1300 4162 tabellis

171 4178 307 4256 epactae,
330 4177 375 4230 bic
392 4179 438 4231 oia
456 4126 538 4232 ἔσκε.
575 4180 665 4232 Notos
682 4179 785 4244 reputes
802 4178 930 4245 intellipo,
955 4177 981 4231 b.
1000 4194 1021 4231 e.
1039 4178 1301 4256 monogrammcfloel

172 4261 282 4313 capuam
295 4246 408 4312 raptam,
423 4253 454 4299 ot
468 4263 489 4300 c.
503 4249 544 4301 26.
558 4247 625 4309 tait,
656 4262 717 4313 aaa,
731 4251 810 4301 testes
824 4246 915 4314 raptae
927 4247 1036 4311 tutelae,
1049 4246 1100 4299 iter
1108 4261 1161 4313 per
1173 4245 1300 4299 Socerum

166 4313 337 4438 focieatssus
354 4315 496 4370 occultati
511 4322 598 4370 essent
610 4314 635 4382 fi
669 4331 746 4383 mque
772 4315 888 4369 secaris
909 4316 938 4368 ia
955 4314 1126 4381 imperatoris
1143 4314 1210 4370 oola
1222 4311 1299 4378 foce·

171 4391 236 4438 rent.
302 4424 309 4438 .

1095 4487 1111 4540 3
