3154 5016
441 409 528 466 VITA
547 409 723 465 ANSKARII
742 409 844 465 AUCT.
862 408 1055 465 RIMBERTO.
1277 409 1310 465 41

186 565 419 632 confundimini
446 572 479 630 et
503 566 648 630 veritatis
674 566 760 629 viam
787 565 920 630 discite'.
969 563 1061 628 Alior
1082 584 1210 647 quoque
1231 569 1311 629 tem-

184 673 262 736 pore
292 653 439 735 contigit,
470 657 507 716 ut
534 652 679 716 dolorem
705 653 739 715 in
767 651 849 716 tibia
878 672 938 715 sua
968 651 1141 714 sustineret
1166 652 1309 730 nimium,

185 740 231 803 ita
261 745 298 803 ut
327 759 391 803 non
423 739 531 821 aliquo
565 737 660 802 modo
692 759 725 802 se
761 758 887 802 movere
920 759 940 801 a
970 738 1041 801 loeo
1077 738 1109 800 in
1141 757 1204 819 quo
1241 743 1312 801 erat

184 831 306 908 posset,
334 825 397 889 nisi
418 830 611 907 portaretur.
662 822 741 888 Cum
764 823 867 888 haueb
892 844 968 905 ergo
992 822 1114 887 diutius
1137 823 1312 887 sustineret

184 911 379 990 molestiam,
409 916 583 994 coeperunt
609 910 703 974 multi
729 908 771 973 ad
798 931 870 974 eum
899 930 999 975 causa
1020 908 1171 974 visitandi
1192 910 1311 989 venire,

186 1003 217 1061 et
243 997 375 1080 quidam
401 996 697 1076 adhortationibus,
727 1016 790 1078 quo
816 1015 875 1078 pro
902 996 1007 1060 salute
1034 1017 1093 1060 sua
1121 996 1183 1060 diis
1213 996 1311 1059 sacri-

184 1081 305 1162 ficaret,
330 1103 541 1163 commonere,
565 1082 696 1166 quidam
715 1082 928 1165 improperiis
946 1081 1034 1166 quod
1051 1082 1120 1146 sine
1138 1081 1198 1145 deo
1217 1087 1310 1159 esset,

183 1170 362 1249 1666661160,
386 1175 419 1234 61
439 1168 581 1233 idcirco‘¹
605 1189 679 1232 eum
701 1167 805 1233 salute
829 1189 949 1237 carere.
997 1167 1077 1232 Cum
1100 1168 1209 1251 itaque
1231 1167 1312 1232 baec

185 1256 313 1339 saepius
349 1261 534 1337 agerentur,
571 1261 603 1320 et
637 1255 705 1338 ipse
742 1260 928 1319 constanter
962 1255 1057 1319 malis
1093 1275 1203 1319 eorum
1239 1275 1311 1337 sug-

184 1341 383 1424 gestionibus
414 1343 592 1421 resisteret,
623 1348 787 1424 postremo
818 1362 883 1406 non
914 1340 1020 1407 ferens
1050 1362 1161 1405 eorum
1191 1341 1311 1405 calum-

184 1429 281 1506 niam,
304 1426 483 1510 respondit,
507 1448 712 1510 nequaquam
734 1449 768 1490 se
795 1447 816 1490 a
837 1427 927 1492 vanis
950 1427 1132 1492 simulacris
1156 1427 1312 1490 auxilium

185 1519 294 1597 petere
321 1514 415 1593 velle,
444 1513 501 1578 sed
524 1535 544 1578 6
565 1513 696 1579 domino
720 1535 778 1577 suo
802 1513 876 1578 Iesu
900 1512 1042 1593 Christo,
1071 1514 1126 1595 qui
1148 1518 1258 1595 posset
1278 1514 1312 1576 in

184 1605 361 1679 momento,
398 1600 425 1663 si
460 1600 551 1679 velit,
587 1599 629 1664 ab
663 1597 852 1664 infirmitate
887 1621 946 1664 sua
982 1621 1054 1663 eum
1090 1620 1214 1663 sanare.
1270 1598 1313 1662 Et

102 1703 105 1710 ·
185 1687 295 1750 ascitis
322 1687 396 1750 ilico
424 1685 609 1751 domesticis
636 1686 717 1765 suis,
744 1692 781 1750 ut
803 1685 846 1750 ad
867 1707 959 1750 suam
982 1706 1053 1749 eum
1077 1685 1240 1750 deferrent
1262 1705 1311 1749 eo

185 1773 331 1852 alesiam,
360 1772 534 1855 praecepit.
586 1771 651 1836 Ubi
679 1772 818 1854 positus,
849 1793 959 1838 coram
987 1773 1109 1836 cunctis
1139 1772 1194 1853 qui
1226 1777 1313 1835 asta-

184 1857 265 1922 bant
295 1859 455 1942 supplices
487 1857 530 1922 ad
561 1858 734 1922 Dominum
763 1879 874 1941 preces
907 1857 1032 1938 effudit,
1069 1857 1192 1922 dicens:
1234 1857 1312 1922 ‘Do-

184 1945 269 2008 mine
291 1946 336 2008 mi
358 1944 433 2008 Iesu
456 1943 593 2024 Christe,
616 1952 654 2009 ut
676 1945 779 2008 sciant
801 1945 855 2008 isti
878 1945 997 2023 miseri,
1020 1945 1097 2026 quia
1117 1949 1154 2008 tu
1172 1965 1205 2008 es
1223 1943 1312 2008 Deus

185 2030 272 2094 solus
296 2036 329 2095 et
349 2052 414 2095 non
432 2028 520 2117 [este]
539 2031 623 2094 alius
641 2035 771 2114 praeter
787 2036 830 2109 te,
854 2029 897 2095 da
918 2031 997 2094 mihi
1016 2051 1106 2094 servo
1124 2037 1181 2094 tuo
1199 2031 1233 2094 in
1250 2029 1313 2093 hac

184 2116 281 2180 horaf
305 2117 477 2199 pristinam
501 2117 647 2199 corporis
669 2116 732 2180 mei
755 2117 941 2196 sanitatem,
969 2121 1005 2179 ut
1026 2116 1168 2180 videntes
1190 2116 1313 2179 inimici

185 2203 349 2285 magnalia
377 2207 437 2267 tua
463 2201 502 2265 de
530 2203 597 2267 suis
625 2200 789 2266 erroribus
816 2202 1053 2267 confundantur
1080 2208 1112 2266 et
1139 2201 1180 2266 ad
1204 2203 1313 2283 cogni-

184 2289 305 2352 tionem
335 2288 384 2352 tui
414 2289 553 2352 nominis
582 2293 818 2353 convertantur.
867 2288 945 2369 Fac,
978 2309 1091 2371 queas,
1122 2287 1208 2370 quod
1237 2293 1312 2369 peto

184 2379 318 2457 propter
340 2395 456 2438 nomen
478 2379 571 2438 tuum
594 2379 755 2454 sanctum,
779 2372 866 2457 quod
889 2381 939 2440 est
959 2373 1165 2439 benedictum
1188 2374 1221 2437 in
1243 2394 1312 2437 666-

185 2461 273 2540 cula,
306 2481 345 2524 ne
375 2461 418 2524 sit
446 2459 592 2525 confusio
623 2458 859 2525 confidentibus
889 2462 923 2525 in
948 2466 995 2541 te,
1025 2460 1182 2525 Domine'.
1236 2459 1313 2524 Post

184 2567 281 2628 quam
303 2567 427 2626 vocem,
456 2545 564 2611 divina
586 2568 659 2611 eum
678 2546 859 2611 medicante
882 2548 996 2630 gratia,
1021 2547 1187 2611 confestim
1211 2546 1313 2610 sanis-

184 2633 284 2697 simus
319 2638 369 2696 est
402 2631 558 2697 redditus.
617 2632 733 2715 Sisque
768 2632 807 2698 de
843 2633 979 2699 ecclesia
1013 2634 1086 2715 ipsa
1120 2653 1178 2715 per
1213 2638 1314 2697 semet

183 2718 289 2800 ipsum
319 2739 481 2801 egressus,
511 2739 570 2802 pro
601 2719 705 2783 salute
732 2740 791 2782 sua
813 2719 882 2784 Deo
909 2721 1032 2802 gratiam
1059 2719 1195 2802 agebat,
1225 2719 1312 2782 etin

183 2802 246 2867 fide
277 2803 398 2869 Christi
430 2805 667 2884 convalescam,
698 2805 801 2888 magis
831 2806 998 2890 magisque
1027 2803 1208 2870 incredulos
1238 2825 1313 2867 con-

184 2889 348 2955 fundebat.
398 2890 478 2954 Perg
511 2890 597 2955 idem
625 2889 693 2955 fere
721 2893 875 2973 temporis
898 2891 1029 2971 accidit,
1059 2897 1097 2956 ut
1122 2891 1220 2954 etiam
1242 2890 1313 2971 qui-

184 2975 257 3039 dam
288 2997 346 3041 rex
373 2975 536 3040 Sueonum
570 2977 697 3041 nomine
721 2976 933 3056 Anoundush‚
966 2978 1087 3041 eiectus
1117 2997 1215 3058 regno
1244 2996 1311 3055 suo,

185 3062 271 3145 apud
292 3063 401 3126 Danos
424 3063 497 3126 exul
519 3063 625 3126 fuerit.
672 3061 733 3138 Qui
753 3061 832 3127 fines
850 3064 940 3146 regni
959 3062 1120 3146 quondam
1139 3063 1189 3126 sui
1207 3062 1312 3127 denuo

183 3155 327 3230 repetere
351 3151 496 3231 cupiens,
529 3149 635 3231 coepit
656 3147 698 3212 ab
721 3149 800 3231 ipsis
823 3149 978 3213 auxilium
1002 3160 1171 3232 quaerere,
1200 3149 1312 3231 *spon-

183 3233 275 3314 dens‚
305 3234 406 3318 qnod,
437 3235 464 3298 si
488 3256 521 3299 se
544 3236 784 3317 sequerentur¹,
815 3235 918 3300 multa
948 3236 994 3300 eis
1023 3240 1155 3318 possent
1177 3234 1313 3299 donaria

182 3322 359 3402 provenire.
410 3321 617 3403 Proponebat
643 3321 728 3385 enim
755 3322 801 3385 eis
824 3323 928 3386 vicum
950 3327 1161 3386 memoratum
1185 3321 1310 3400 Biroak,

183 3406 269 3488 quod
297 3407 344 3472 ibi
367 3407 459 3470 multi
482 3412 588 3472 essent
609 3408 828 3492 negotiatores
851 3408 965 3472 divites
988 3413 1020 3472 et
1042 3407 1242 3472 abundantia
1262 3411 1312 3470 to-

182 3494 248 3556 tius
276 3491 352 3556 boni
375 3497 472 3575 atque
493 3493 632 3576 pecunia
653 3492 881 3557 thesaurorum
903 3494 1014 3560 multa.
1064 3493 1113 3556 Ad
1136 3492 1228 3556 illum
1250 3493 1312 3555 ita-

185 3598 247 3660 que
269 3579 373 3641 vicum
397 3599 430 3642 se
453 3599 508 3642 eos
529 3579 742 3660 promittebat
765 3578 952 3659 ducturum,
978 3578 1035 3642 ubi
1058 3579 1126 3642 sine
1149 3579 1199 3642 sui
1223 3598 1312 3641 exer-

184 3663 266 3727 citus
299 3663 416 3728 damno
447 3664 548 3729 multo
582 3685 660 3728 suae
690 3665 892 3729 necessitatis
921 3664 1105 3728 fruerentur
1134 3663 1310 3728 commodo.

183 3746 236 3813 Illi
264 3770 340 3831 ergo
366 3750 535 3831 promissis
562 3749 749 3814 muneribus
776 3749 928 3815 delectati
955 3755 988 3814 et
1009 3749 1236 3814 thesaurorum
1255 3749 1312 3815 ad-

183 3835 356 3916 quisitione
383 3835 482 3916 avidi,
512 3837 546 3900 in
573 3836 729 3899 auxilium
756 3836 825 3900 eius
854 3835 1074 3919 expeditorum
1104 3836 1145 3900 ad
1171 3857 1312 3920 pugnam

183 3919 348 3985 hominum
382 3922 496 4005 viginti
533 3926 566 3986 et
600 3943 697 3985 unam
733 3942 829 3986 naves
864 3923 1076 4006 impleverunt
1107 3928 1140 3987 et
1170 3944 1243 3986 oum
1274 3944 1311 3988 eo

184 4004 452 4072 destinaverunt„
486 4007 559 4092 Ipse
585 4028 661 4072 vero
692 4006 730 4072 de
760 4010 827 4072 suis
857 4029 954 4072 naves
981 4009 1125 4073 babebat
1152 4008 1309 4072 undecim.

183 4091 345 4156 Exeuntes
368 4114 443 4176 ergo
466 4093 506 4157 de
527 4094 640 4173 Danis,
669 4093 711 4158 ad
732 4093 837 4158 vicum
859 4095 1035 4178 insperatel
1070 4100 1226 4181 venerunt
1246 4116 1312 4158 me-

182 4182 354 4244 moratum.
403 4179 446 4244 Et
471 4180 555 4245 sorte
582 4185 659 4244 tunc
685 4201 742 4244 rex
769 4181 913 4264 ipsorum
940 4181 1067 4264 longius
1090 4181 1164 4244 inde
1187 4179 1311 4262 aberat,

183 4318 206 4362 a)
219 4325 295 4353 novum
310 4325 357 4364 cop.
371 4313 414 4366 (40)
427 4316 532 4356 166213.
585 4317 608 4367 b)
622 4317 730 4359 domim.
783 4317 804 4367 o)
817 4319 957 4368 lacesserem
971 4319 1094 4357 lascescere
1104 4319 1124 4357 3.
1163 4316 1186 4366 d)
1199 4318 1277 4356 iccirco
1291 4321 1312 4359 2.

183 4365 305 4416 61166611.
350 4366 451 4414 116162.
504 4371 668 4418 9666661661.
678 4369 721 4419 (41)
734 4368 838 4409 166218.
884 4370 907 4420 h)
917 4369 1040 4409 Anoundus
1050 4369 1102 4419 283
1115 4367 1311 4411 Anotunuuenr.

182 4416 201 4515 il))
212 4421 342 4518 elgpppppffiz
352 4420 376 4511 28.
386 4418 466 4511 iim
479 4421 522 4459 ulio
534 4424 606 4459 atrum.
622 4433 675 4460 corr.
691 4419 851 4470 sequerentur).
914 4421 938 4470 k)
952 4422 1025 4467 Byrca
1037 4421 1057 4460 2.
1072 4420 1092 4460 3.
1106 4422 1126 4460 Β
1139 4424 1161 4470 1;
1175 4421 1245 4460 Birke
1258 4424 1278 4461 B
1291 4424 1311 4462 2.

1325 3165 1363 3214 *ra
1370 3167 1413 3206 103.
