3154 5016
431 381 518 437 VITA
537 381 712 436 ANSKARII
731 380 834 437 AUGT.
852 381 1045 436 RIMBERTO.
1287 385 1303 440 9

262 535 346 622 Bm)
388 536 492 600 Coelen
525 537 630 622 rapias
667 536 931 616 Hanniensis,
970 535 1079 600 veteris
1118 537 1305 601 collectionis

175 647 224 689 nr.
245 623 310 690 820
332 623 421 708 (olim
445 622 641 686 bibliothecae
667 620 909 707 Gottorpiensis)
932 645 963 686 a.
989 623 1087 702 1550,
1110 623 1191 686 inter
1212 625 1305 686 caria

177 731 272 793 opera
308 709 456 772 bistorica
492 731 513 770 a
544 708 588 773 W.
619 707 653 771 J.
678 710 783 772 llwsse
818 708 957 785 collecta,
989 718 1024 770 at
1056 709 1177 793 primas
1206 709 1233 774 b.
1265 731 1304 771 m.

175 794 345 858 Micltelsen
381 793 565 857 annotavicl
623 795 717 857 etiam
753 795 835 857 oitae
870 793 1027 857 Anslcarii
1064 795 1195 858 continet
1232 817 1306 878 apo-

175 880 330 965 praplon,
359 880 440 964 quod
468 880 571 943 eodem
600 881 665 944 loco
686 880 822 964 incipere
848 889 876 942 et
901 880 1023 944 easdem
1046 879 1187 944 lectiones
1209 903 1233 946 o.
1255 880 1304 944 13.

178 966 324 1050 praebere
353 975 444 1049 atque
473 968 489 1030 1
528 965 560 1032 V.
587 965 632 1030 Ol.
658 966 785 1045 Britan,
820 965 1016 1029 bibliothecae
1042 965 1232 1029 Haoniensis
1258 967 1306 1029 cli·

176 1061 283 1130 rector,
309 1050 439 1114 benivole
457 1051 536 1114 mibi
553 1051 674 1133 retalit;
701 1073 795 1134 qnare
813 1050 955 1114 dubitari
970 1053 1082 1135 neqait,
1122 1053 1178 1115 ain
1192 1052 1248 1114 Ba
1268 1075 1306 1114 ea

175 1138 230 1199 boc
248 1137 294 1200 vel
311 1147 434 1220 aterque
452 1159 490 1200 coc
503 1137 655 1200 oommnni
673 1136 752 1200 libro
770 1139 811 1201 sit
824 1136 1005 1221 descriptas.
1042 1075 1158 1201 Eoclem
1166 1134 1306 1221 fortasse

178 1222 364 1307 Stephanins
386 1223 420 1286 in
442 1223 523 1286 notis
544 1222 738 1286 aberioribas
760 1223 804 1286 acl
827 1219 983 1286 Saeconem
1004 1247 1039 1308 p.
1066 1223 1135 1288 193ss
1158 1245 1231 1286 usus
1253 1233 1306 1302 est,

176 1309 317 1392 quamvis
340 1307 437 1372 locam
457 1308 606 1393 praebeat
627 1309 778 1372 sententia
801 1309 940 1390 lonpiore
962 1309 1086 1374 omissa.

262 1410 411 1474 Eiusdem
440 1411 626 1475 recensionis
648 1411 718 1495 fait
748 1411 856 1490 coclea,
885 1421 919 1473 at
944 1411 1078 1490 ridetur,
1109 1434 1130 1474 a
1157 1411 1307 1495 Philippo

179 1495 312 1561 Caesare
337 1496 461 1606 pnblici
490 1497 573 1559 iaris
595 1496 706 1582 factas
735 1497 835 1580 (Bt-3),
866 1497 952 1560 caim
976 1497 1055 1581 fata
1089 1500 1275 1582 ipnorantar
1283 1495 1305 1559 ².

160 1583 242 1650 ,Ba
274 1583 330 1646 Bt
386 1605 424 1646 erc
452 1583 506 1645 boc
534 1605 676 1646 manasse
681 1632 692 1661 ,
721 1605 758 1648 ne
785 1593 971 1661 statuamus,
1003 1583 1141 1647 lectionis
1171 1582 1308 1645 varietas

176 1678 273 1749 vetat,
293 1691 384 1752 qccam
403 1690 496 1753 usqae
514 1668 558 1730 ad
573 1691 596 1731 c.
609 1671 637 1733 7.
651 1669 775 1752 plenius
790 1669 921 1747 enotavi,
933 1680 1053 1753 postea,
1071 1668 1125 1730 ubi
1139 1668 1168 1729 B
1184 1668 1307 1752 lonpias
1373 1717 1376 1722 .

177 1756 305 1834 recedit,
333 1754 460 1817 nonnisi
488 1776 524 1817 ea
551 1753 683 1839 afferens
710 1776 787 1839 qaae
814 1755 859 1818 vel
885 1754 1118 1838 interpolatoris
1145 1753 1308 1817 consiliam

177 1841 338 1904 ostendant
371 1841 417 1902 vel
453 1862 511 1923 qao
546 1839 655 1903 coelice,
683 1862 757 1902 casas
792 1841 833 1902 sit
867 1839 1018 1905 indicant.
1072 1839 1182 1902 Etiam
1213 1840 1309 1904 coclea

178 1927 376 2004 Bodecensis,
413 1925 500 1988 cuias
534 1925 679 1988 notitiam
714 1924 924 1989 Hensclenias
959 1925 1065 1988 babuit
1071 1974 1081 2005 ,
1117 1926 1196 1988 banc
1232 1925 1309 1989 libri

169 2011 314 2097 formam
333 2008 509 2096 praebuit3.

264 2115 425 2178 Editiones
446 2136 516 2177 vero
539 2114 596 2176 bae
618 2111 725 2176 sant4:

265 2234 298 2316 1)
325 2233 471 2318 Philippi
496 2231 652 2312 Caesaris,
684 2232 932 2318 Triapostolatns
955 2233 1197 2319 Septentriones,
1224 2232 1309 2298 Colo-

178 2321 250 2383 niae
274 2319 473 2466 Aprippinaa
497 2318 590 2384 1642.
615 2319 644 2398 8,
669 2319 749 2381 libor
769 2341 930 2404 perraras,
955 2344 986 2404 p.
1007 2319 1176 2386 40-125.
1232 2319 1310 2384 Usus

177 2428 244 2468 sum
264 2427 371 2488 eoeemp
386 2405 439 2467 ari
460 2404 656 2468 bibliothecae
679 2403 938 2468 Hannoveranae.

140 2547 142 2552 ⁴
264 2525 298 2609 2)
330 2525 417 2588 Petri
445 2523 618 2602 Lambecii,
652 2522 798 2609 Oripines
825 2525 1088 2608 Hambarpenses,
1119 2524 1309 2609 Hambarpi,

180 2613 272 2677 1652.
302 2611 331 2674 4.
356 2611 501 2695 (repetita
531 2633 551 2672 a
580 2609 747 2689 Fabricio,
777 2609 889 2674 Hamb.
923 2611 1014 2677 1706.
1040 2611 1116 2694 fol,
1145 2633 1208 2672 nna
1241 2634 1310 2674 cam

178 2696 407 2781 Lindenbropii
445 2694 655 2779 Scriptoribus
691 2718 795 2759 reram
833 2695 1097 2759 Germanicarum
1134 2697 1311 2780 septentrio-

177 2782 325 2863 nalium).
374 2782 414 2842 In
440 2782 627 2844 monasterio
651 2779 682 2843 8.
710 2780 864 2844 Germani
885 2781 1063 2845 Parisiensi
1088 2781 1205 2844 invenit
1229 2785 1311 2865 ‘per-

179 2877 327 2931 vetastnm
359 2866 492 2929 codicem
522 2865 786 2929 mencbranaceam
818 2867 1078 2951 manuscriptam,
1112 2867 1180 2951 qni,
1213 2877 1246 2929 at
1276 2868 1312 2930 in

178 2953 320 3037 marpine
346 2953 470 3036 primae
489 2951 628 3036 popinae
654 2953 820 3016 recentiore
842 2976 936 3015 mana
958 2962 1025 3015 erat
1048 2953 1244 3031 adnotatum,
1273 2974 1311 3016 eos

182 3035 326 3118 Corbeia,
348 3037 443 3100 veteri
464 3037 535 3116 illo,
557 3047 592 3098 nt
615 3038 740 3122 opinor,
770 3036 898 3101 Galliae
920 3039 1115 3116 monasterio,
1140 3038 1312 3102 translatas

178 3125 254 3187 olim
286 3145 319 3187 eo
344 3122 488 3208 faerat',·
521 3145 646 3208 eamque
668 3124 900 3187 describendam
937 3134 964 3188 et
998 3124 1147 3187 eolenclam
1179 3125 1310 3190 cnraoit.

178 3209 319 3274 blandem
351 3231 413 3272 esse
444 3231 533 3293 quem
564 3231 602 3272 ecc
632 3208 813 3273 bibliotheca
844 3209 932 3272 illias
960 3210 1141 3273 monasterii
1166 3209 1311 3293 pnblicae

179 3296 356 3359 Parisiensi
373 3294 496 3357 illatam
514 3317 574 3358 esse
590 3317 687 3379 supra
704 3295 776 3357 alioci
790 3296 825 3379 (2
839 3293 1004 3378 notatam),
1016 3295 1119 3378 facile
1135 3295 1311 3378 suspiceris.

180 3378 243 3444 Secl
261 3382 401 3445 lectiones
418 3380 595 3458 nonnullae,
615 3381 799 3464 praesertim
814 3403 885 3444 vero
903 3381 1128 3444 emendationes
1145 3382 1312 3443 recentiore

179 3490 272 3530 mana
301 3467 336 3527 in
364 3466 384 3530 3
413 3467 564 3550 scriptae,
595 3489 709 3528 necnon
735 3465 847 3549 forma
875 3468 1011 3550 capitam
1036 3467 1135 3531 1-7,
1165 3466 1215 3527 lic
1243 3477 1312 3549 post

178 3551 397 3636 suppletorum,
420 3573 498 3634 qaae
520 3551 621 3614 eodem
644 3552 733 3615 moclo
756 3552 842 3634 apacl
864 3551 1060 3614 Lambeciam
1083 3551 1236 3634 lepantar,
1261 3551 1312 3615 cle-

178 3639 270 3722 niqae
295 3634 368 3698 Vita
395 3637 524 3698 metrica
550 3659 571 3698 a
597 3635 760 3700 Gaaldone
783 3637 951 3722 composita
973 3639 1007 3698 in
1030 3636 1097 3720 boc,
1128 3658 1220 3720 neone
1241 3660 1313 3700 vero

178 3724 212 3785 in
240 3721 418 3785 Parisiensi
444 3720 546 3784 codice
578 3721 703 3800 addita,
739 3732 829 3785 erctra
856 3722 983 3784 clabiam
1010 3731 1144 3806 ponant,
1179 3723 1311 3786 codicem

178 3831 257 3870 nunc
279 3807 517 3870 Antbianensem
540 3805 593 3889 (3)
618 3829 685 3870 eam
707 3829 769 3870 esse
792 3830 850 3891 qao
872 3808 921 3870 bic
942 3807 993 3870 ati
1012 3809 1129 3890 potnit,·
1156 3808 1219 3870 sice
1241 3818 1311 3872 tanc

179 3998 205 4062 1)
225 3997 320 4062 Falclr,
334 3996 464 4053 ‘Staatsb
480 3995 622 4065 Maporin’
638 3997 693 4061 IX,
704 4011 734 4062 p.
744 3995 803 4049 342.
870 3994 897 4060 2)
916 3997 960 4050 De
973 4012 1002 4050 eo
1016 3999 1120 4050 monuit
1132 3997 1311 4051 Dablmann:

179 4065 284 4120 ‘eodem
300 4066 429 4132 fortasse,
449 4066 481 4118 cle
498 4082 551 4133 qno
564 4065 752 4132 Staplorstias
766 4063 892 4143 (ᾞατηὺ.
910 4066 1137 4133 Kircbenpescb!
1158 4068 1182 4130 I,
1201 4067 1226 4130 1,
1249 4066 1312 4128 660)

179 4152 204 4215 e.
219 4137 332 4202 repostis
357 4135 432 4227 aeolis
457 4134 681 4201 metropolitanae
704 4133 917 4212 notamtrEine
939 4132 1020 4200 Copia
1043 4133 1074 4186 uf
1093 4134 1259 4202 Pergameni
1272 4132 1314 4252 9de

178 4201 1154 4352 abbatemet.tttbtfittltttcalmillas
1168 4203 1315 4349 ballol

179 4341 313 4412 quaedam
339 4339 388 4395 ‘ea
413 4342 559 4394 Bremarro
586 4338 761 4394 Slesorcensr’
785 4346 889 4394 inserta
919 4345 983 4394 sant
1015 4337 1131 4406 Qpraer
1158 4338 1314 4392 Annalibus

179 4412 365 4479 episcoporum
383 4408 590 4464 Stesoicensiam
607 4407 710 4472 (aona.
730 4409 810 4472 1634)
823 4424 854 4476 p.
868 4409 926 4462 143.
