3154 5016
595 407 681 464 VITA
699 408 881 463 RIMBERTI.
1268 408 1303 462 83

139 567 143 575 ’
172 585 265 629 suam
292 585 349 647 per
376 565 485 629 omnia
508 564 739 628 continentiam
762 561 917 627 exhibuit.
969 560 1205 626 Animadvertit
1226 582 1302 644 ergo

170 651 220 715 vir
238 649 308 731 Dei,
332 670 458 714 sacram
476 649 640 733 religiosil
659 649 752 733 pueri
774 648 947 713 infantiam
969 646 1096 712 divinae
1117 648 1183 711 iam
1206 649 1304 711 servi-

172 737 251 800 tutis
278 757 389 800 amore
410 735 578 820 flagrasse,
608 735 785 819 accitisque
808 733 869 798 adb
894 733 1137 818 separantibus
1160 733 1243 814 eius,
1271 739 1304 797 et

173 841 289 887 nomen
317 822 425 904 pueri,
455 820 543 905 quod
563 822 750 886 Rimbertus
776 824 961 900 vocaretur,
992 819 1138 899 edidicit,
1169 824 1203 883 et
1230 839 1304 884 eon-

173 928 268 972 sensu
298 927 409 972 eorum
438 913 585 990 accepto,
614 914 783 972 tonsuram
813 907 842 971 ei
871 912 904 970 et
931 904 1185 971 ecclesiasticum
1211 904 1304 969 habi-

173 999 242 1057 tum
262 993 425 1075 imposuit.
463 992 580 1077 Sisque
601 1014 674 1058 eum
691 993 812 1058 ibidem
831 997 967 1075 paterna
985 990 1201 1056 sollieitudine
1219 1011 1304 1056 com-

174 1077 337 1159 mendans,
361 1078 505 1143 studiose
525 1078 646 1143 erudiri
666 1079 840 1162 praecepit.
886 1077 1067 1160 Paucisque
1086 1075 1199 1141 diebus
1218 1073 1303 1164 [thir]

172 1165 361 1244 transactis,
389 1163 464 1229 inde
487 1165 636 1230 discessit
662 1170 694 1229 et
716 1165 857 1247 suscepti
885 1164 1060 1247 pastoralis
1090 1161 1185 1227 offitii
1212 1182 1305 1226 suae-

173 1272 235 1334 que
259 1248 436 1332 adgentes
458 1250 628 1332 legationis
651 1251 810 1316 instanter
832 1270 963 1334 operam
987 1250 1061 1330 egit.

258 1336 288 1400 4.
324 1335 404 1400 Post
425 1336 505 1401 haee
527 1357 608 1421 puer
629 1335 694 1400 iam
713 1336 782 1401 Deo
805 1335 942 1400 dilectus
963 1337 1066 1418 magis
1085 1335 1253 1416 magisque
1271 1334 1304 1397 in

172 1425 332 1505 gravitate
360 1420 547 1504 proficienS,
577 1428 610 1487 et
637 1421 799 1487 discendis
826 1421 1017 1487 liberalibus
1046 1419 1224 1503 disciplinis
1254 1440 1305 1484 ar-

174 1508 288 1572 denter
317 1507 475 1588 instabat,
505 1514 538 1573 et
563 1509 648 1572 inter
674 1508 755 1572 haee
778 1506 980 1572 orationibus
1004 1507 1183 1588 ceterisque
1205 1505 1305 1570 bona-

174 1616 246 1657 rum
275 1613 382 1656 rerum
414 1593 681 1676 occupationibus
709 1600 871 1672 assuetus,
901 1594 934 1656 in
961 1593 1073 1675 paucis
1101 1593 1194 1657 annis
1218 1591 1303 1656 omni

174 1679 362 1743 maturitate
391 1685 424 1743 et
453 1679 607 1744 scientiae
635 1680 686 1744 et‘1
713 1680 868 1744 virtutum
894 1677 1058 1762 perfectus
1086 1678 1211 1743 enituit.
1263 1676 1305 1740 Et

174 1766 238 1830 iam
268 1770 345 1828 tunc
373 1766 465 1829 iuxta
490 1764 690 1849 psalmistam
720 1765 882 1830 concaluit
909 1785 964 1829 cor
987 1765 1056 1828 eius
1078 1765 1165 1828 intra
1186 1764 1302 1846 ipsum,
1318 1779 1399 1828 Pavo,
1412 1781 1431 1818 4.

175 1851 258 1915 etin
277 1849 487 1915 meditatione
505 1851 574 1915 eius
594 1851 717 1915 exarsit
733 1852 827 1934 ignis,
849 1851 992 1915 invenire
1010 1850 1204 1932 cupientis0,
1227 1846 1305 1932 quid

175 1938 205 2001 ei
235 1937 269 2000 in
300 1935 363 2000 hae
393 1937 460 2000 vita
489 1937 676 2001 consistenti
705 1938 820 2020 exequi
849 1936 990 2001 maxime
1015 1935 1191 2018 prodesset.
1246 1933 1306 1998 Oui

174 2023 255 2086 talia
276 2021 445 2086 meditanti
467 2023 611 2087 occurrit
631 2023 724 2086 iuxta
746 2021 907 2105 quendam
930 2021 1108 2104 sapientem
1118 2023 1139 2101 ¹,
1167 2021 1304 2104 primam

173 2107 398 2191 philosophiae
430 2105 647 2172 definitionem
676 2106 919 2173 meditationem
949 2128 1019 2171 esse
1048 2108 1176 2186 mortis,
1207 2105 1306 2187 idque

174 2199 244 2258 toto
266 2198 398 2276 pectore
420 2191 557 2270 hausto,
581 2199 619 2258 ut
640 2193 726 2258 omni
747 2195 833 2258 vitae
855 2213 933 2257 suae
956 2197 1101 2275 ternpore
1118 2190 1203 2256 hanc
1220 2212 1305 2255 sum-

175 2299 261 2342 mam
284 2279 463 2361 sapientiae
486 2279 640 2363 consequi
662 2280 854 2359 niteretur&
877 2279 1030 2361 quatinus
1052 2284 1197 2361 tempore
1220 2297 1305 2340 mor·

174 2365 217 2428 tis
246 2385 325 2428 suae
354 2363 394 2428 de
421 2363 570 2447 neglectu
596 2365 897 2447 praemeditationis
925 2365 993 2428 eius
1020 2385 1086 2429 non
1108 2363 1304 2442 contristari,

175 2455 225 2514 set
250 2450 359 2532 potius
386 2470 445 2533 per
472 2449 729 2516 observationem
753 2451 932 2534 scripturae
955 2451 1113 2515 monentis
1136 2471 1175 2515 ao
1198 2449 1305 2513 dioen-

174 2536 231 2600 tis:
267 2537 307 2598 Ia
334 2536 473 2600 omnibus
499 2536 641 2621 operibus
666 2538 729 2601 tuis
751 2559 921 2602 memorare
943 2537 1111 2600 novissima
1133 2547 1197 2616 tuo,
1219 2545 1247 2599 et
1268 2536 1301 2598 in
1316 2552 1458 2601 scoriaco.

175 2633 330 2686 aeternum
360 2645 419 2685 aon
444 2621 603 2707 peccabis,
631 2629 788 2705 quantum
816 2622 977 2687 humanae
1004 2621 1181 2686 conditioni
1202 2621 1305 2703 pessi-

175 2706 240 2772 bile
269 2707 383 2790 essetl,
418 2706 457 2771 de
487 2713 693 2790 peecatorum
720 2709 783 2773 veli
807 2707 936 2774 cautela
960 2707 1012 2771 vol
1038 2707 1227 2771 remissione
1257 2726 1305 2769 se-

106 2875 108 2878 ·
176 2812 272 2857 curus
294 2789 465 2856 laetificari
487 2799 673 2858 mereretur.

260 2879 290 2943 5.
327 2876 537 2941 Venerandus
559 2878 659 2961 igitur
680 2879 821 2962 praesul,
844 2878 901 2961 qui
920 2899 991 2942 eum
1011 2877 1118 2942 divino
1142 2876 1305 2958 mancipa-

175 2964 221 3028 vit
248 2963 393 3043 servitio,
424 2963 509 3028 sicut
534 2964 568 3027 in
589 2965 688 3045 gestis
710 2965 796 3029 vitae
818 2965 887 3028 eius
908 2963 1040 3046 legitur,
1068 2962 1235 3046 quaequek
1257 2961 1305 3026 illi

175 3054 311 3114 ventura
333 3049 382 3113 vel
405 3047 447 3113 ab
469 3049 539 3132 ipso
562 3049 703 3131 gerenda
726 3055 827 3129 erant,
850 3068 931 3133 pene
952 3050 1061 3114 omnia
1077 3048 1128 3113 vel
1144 3068 1202 3132 per
1221 3067 1305 3112 som-

176 3136 265 3199 nium
287 3135 337 3200 vel
358 3155 417 3218 per
439 3135 586 3199 intimam
608 3135 836 3201 revelationem
859 3137 892 3200 in
915 3140 1020 3200 mente
1042 3153 1255 3218 praenoscere
1273 3137 1307 3198 et

174 3220 405 3303 praeordinare
432 3220 567 3285 solebat.
632 3220 721 3297 Quae
750 3227 859 3286 autem
892 3223 964 3305 ipsa
996 3220 1096 3286 fuerit
1126 3221 1241 3285 intima
1271 3221 1305 3284 in

175 3311 282 3372 mento
310 3306 480 3386 revelatio,
510 3308 684 3390 scriptores
713 3309 799 3373 vitae
827 3307 896 3372 eius
923 3306 990 3371 tale
1016 3306 1096 3390 quid
1122 3326 1192 3370 esse
1218 3303 1305 3370 arbi-

174 3390 334 3472 trantur2,
364 3391 459 3475 quale
485 3392 675 3457 indutibus
703 3393 925 3477 apostolorum
954 3393 1082 3474 saepius
1111 3391 1303 3475 replicatur:

174 3478 271 3540 Diaett
298 3487 400 3540 autem
427 3475 569 3561 Spiritus
596 3477 646 3541 illi
673 3479 725 3543 vel
751 3478 800 3542 illi
823 3477 991 3560 discipulo.
1043 3475 1136 3540 Unde
1164 3496 1228 3540 non
1256 3481 1306 3540 est

175 3559 401 3641 diffidendum,
430 3561 519 3644 quod
546 3563 595 3625 vir
617 3561 679 3627 Dei
705 3583 770 3627 non
796 3583 836 3627 ex
862 3568 991 3642 eventu,
1021 3567 1071 3626 set
1097 3560 1223 3625 divinae
1248 3558 1305 3625 ad-

176 3647 363 3711 monitionis
392 3651 529 3727 attactu,
559 3668 655 3729 quem
683 3648 852 3713 occultiori
879 3668 974 3712 sensu
1001 3650 1114 3730 utpote
1139 3647 1188 3710 vir
1211 3646 1305 3729 spiri-

174 3731 251 3797 talis
279 3733 314 3796 in
343 3733 452 3796 anima
482 3732 647 3816 percipere
675 3734 814 3814 solebat,
844 3733 929 3796 hunc
956 3732 1082 3796 felicem
1109 3730 1148 3796 de
1171 3752 1235 3814 quo
1257 3730 1305 3795 lo-

175 3819 305 3902 quimur
330 3838 465 3900 puerum
489 3839 561 3883 oum
584 3823 696 3884 tantae
716 3819 922 3902 paternitatis
945 3817 1062 3882 affectu
1085 3817 1201 3882 divinis
1223 3818 1305 3882 asci-

174 3904 257 3968 verit
290 3904 494 3983 ministeriis3
531 3905 609 3986 quin
642 3905 751 3987 potius
785 3905 819 3968 in
850 3909 961 3968 tenore
992 3903 1243 3968 conversationis
1273 3908 1305 3968 et

177 3988 286 4070 modo,
314 4011 378 4072 quo
401 4011 527 4074 semper
548 3988 700 4075 deinceps
722 3995 802 4076 aput
822 3989 914 4054 illum
936 3994 1095 4054 tractatus
1119 3994 1151 4053 et
1172 3988 1304 4053 habitus

176 4081 238 4156 est,
267 4077 335 4140 veri
357 4074 461 4140 simile
482 4074 623 4157 videtur,
653 4075 741 4160 quod
763 4075 926 4142 evidenter
948 4096 968 4140 a
990 4073 1059 4140 Deo
1082 4073 1130 4138 illi
1153 4075 1196 4139 sit
1216 4094 1305 4139 reve-

175 4227 197 4281 a)
209 4229 285 4270 rellevl
294 4232 344 4280 post
357 4241 410 4270 corr.
424 4231 523 4280 rellglosl
536 4235 555 4273 1.
622 4229 645 4282 b)
659 4232 744 4280 depost
758 4244 811 4272 corr.
826 4231 853 4271 ad
867 4232 886 4271 1.
952 4229 973 4281 c)
986 4229 1042 4269 deest
1056 4232 1075 4269 1.
1128 4227 1150 4280 d)
1164 4229 1220 4270 deest
1234 4231 1251 4280 1,
1266 4229 1305 4268 ati

174 4285 220 4331 poa
233 4293 286 4322 corr.
301 4283 401 4322 solentis.
462 4282 588 4374 egcuplens
602 4283 621 4322 2.
683 4281 857 4334 olntraxlttt.
916 4281 939 4333 g)
953 4283 1072 4322 mereretur
1086 4282 1105 4318 2.
1165 4279 1189 4332 h)
1202 4282 1240 4321 vel
1253 4281 1274 4320 t.
1289 4282 1304 4322 l.

171 4335 220 4382 pou
233 4333 285 4374 add.
300 4337 319 4374 1.
371 4333 452 4386 l)t.l.
483 4337 522 4376 cert
535 4339 555 4374 1.
607 4333 631 4386 k)
645 4344 702 4383 quae
715 4336 735 4375 2.

176 4435 202 4502 1)
221 4437 311 4492 Plato.
337 4434 433 4492 CAES.
503 4437 530 4504 2)
549 4437 615 4505 Gap.
629 4440 670 4494 36.
