3154 5016
431 352 518 409 VITA
536 351 712 406 ANSKARII
730 351 833 408 Acon.
851 353 1047 410 RIMBERTO.
1269 357 1303 412 35

174 512 240 571 tem
264 528 388 572 omnem
412 507 679 572 honorationem
702 507 903 573 sanctissimo
931 528 1035 590 papae
1058 506 1235 590 Gregorio*
1257 511 1304 573 in-

174 593 284 657 timari
307 593 384 658 fecit
402 591 662 658 confirmandam.
701 590 793 667 Quod
812 595 910 658 etiam
932 596 1000 677 ipse
1018 599 1086 658 tam
1110 593 1231 658 decreti
1254 597 1304 660 sui

175 679 391 744 auctoritatel
405 699 502 761 quam
517 679 615 743 etiam
628 679 736 762 pallii⁸
753 678 884 744 datione
897 681 1004 744 moreb
1017 680 1302 762 praedecessorum

175 785 306 828 suorum
339 765 507 829 roboravit
537 770 634 848 atque
665 765 771 847 ipsum
801 766 834 828 in
871 767 1057 849 praesentia
1095 766 1305 831 constitutum

174 851 316 933 legatum
348 852 381 915 in
414 849 561 914 omnibus
590 852 838 933 circumquaque
867 852 1017 933 gentibus
1047 851 1209 916 Sueonum
1239 853 1304 917 sive

95 964 97 966 ·
175 935 378 1001 Danorum**
407 957 531 1000 necnon
565 937 663 1001 etiam
694 936 880 1001 Slavorum⁰
910 938 1113 1019 aliarumque
1144 938 1178 1002 in
1213 939 1304 1021 aqui·

174 1023 277 1086 lonis<l
297 1022 445 1105 partibus
468 1022 610 1105 gentium
633 1023 880 1088 const'tutarum
904 1045 968 1087 una
991 1044 1063 1088 cum
1085 1023 1214 1088 Ebonee
1243 1024 1303 1089 Re-

175 1109 276 1173 mensi
298 1109 555 1191 archiepiscope,
582 1109 638 1190 qui
660 1109 764 1191 ipsam
790 1108 984 1192 legationem
1007 1115 1081 1174 ante
1107 1115 1303 1192 susceperat,

175 1194 336 1277 delegarit
364 1201 396 1260 et
422 1200 497 1259 ante
527 1215 643 1277 corpus
670 1201 703 1259 et
731 1195 965 1260 consessionem
988 1195 1092 1259 sancti
1116 1195 1204 1259 Petri
1227 1217 1304 1278 apo-

176 1280 251 1345 stoli
281 1281 445 1363 publicam
476 1279 719 1361 euangelizandi
748 1280 864 1345 tribuit
894 1282 1132 1346 auctoritatem.
1192 1281 1235 1344 Et
1265 1303 1305 1346 ne

175 1366 292 1430 horum
314 1367 487 1448 quicquam
508 1366 543 1429 in
564 1365 711 1430 futurum
733 1367 861 1430 irritum
879 1366 980 1445 fieret,
1004 1387 1128 1431 omnem
1151 1368 1303 1432 resisten-

175 1458 240 1516 tem
259 1473 298 1516 ac
321 1451 593 1517 contradicentem
616 1451 665 1515 vel
688 1452 833 1534 quolibet
855 1452 951 1518 modo
974 1452 1025 1516 his
1048 1453 1167 1518 sanctis
1187 1453 1304 1517 studiis

175 1539 310 1620 piissimi
336 1538 541 1620 imperatoris
569 1537 774 1602 insidiantem
802 1540 1017 1603 anathematis
1040 1539 1208 1603 mucronef
1232 1561 1303 1622 per-

176 1625 276 1688 cussit
306 1630 403 1706 atque
436 1629 593 1705 perpetua
622 1622 744 1687 ultione
775 1645 865 1687 reum
896 1624 1059 1688 diabolica
1091 1631 1177 1688 sorte
1214 1625 1304 1690 dam-

175 1710 264 1773 navit
274 1708 293 1773 ¹.
330 1708 431 1773 Porro
441 1711 523 1787 ⁸·***‚
542 1714 579 1772 ut
592 1709 826 1791 praemisimus,
847 1709 960 1776 eadem
977 1710 1095 1792 legatio
1110 1713 1305 1776 auctoritate

177 1794 345 1859 Paschalis
375 1815 479 1878 papae
507 1793 613 1857 Eboni
642 1794 790 1859 Remensi
822 1797 1062 1879 archiepiscopo
1092 1798 1182 1878 prius
1219 1818 1304 1861 com-

175 1880 327 1945 mendata
350 1879 500 1948 luerat2..
528 1879 691 1962 Siquidem
713 1883 792 1964 ipse,
816 1882 932 1962 divino,
956 1888 993 1946 ut
1015 1881 1186 1964 oredimus
1210 1881 1304 1947 affla-

175 1972 228 2030 tus
260 1967 390 2049 spiritu,
421 1987 481 2050 pro
511 1967 679 2031 vocatione
708 1967 865 2049 gentium,
898 1973 929 2032 et
959 1967 1097 2031 maxime
1128 1967 1303 2049 Damnum,

175 2073 256 2135 quos
279 2055 312 2116 in
333 2053 456 2136 palatio
479 2053 608 2135 saepius
629 2052 756 2117 viderat
777 2060 810 2118 et
836 2053 997 2118 diabolico
1020 2052 1172 2135 deceptos
1196 2075 1305 2118 errore

176 2138 322 2218 dolebat,
353 2139 587 2203 ferventissimo
616 2138 753 2203 ardebat
779 2138 939 2204 desiderio
968 2145 1000 2203 et
1020 2158 1079 2221 pro
1104 2137 1224 2204 Christi
1247 2161 1304 2204 no-

175 2226 260 2289 mine
283 2247 317 2289 se
341 2246 464 2307 suaque
486 2227 595 2289 omnia
617 2225 660 2288 ad
678 2226 814 2288 salutem
832 2226 975 2308 gentium
993 2223 1124 2289 tradere
1143 2225 1303 2309 cupiebat.

177 2309 237 2374 Cui
260 2312 359 2374 etiam
382 2309 517 2374 domnus
540 2313 717 2394 imperator
739 2311 844 2376 locum
867 2333 964 2375 unum
988 2310 1076 2375 ultra
1099 2310 1225 2375 Albiam
1250 2313 1305 2394 qui
1347 2372 1350 2384 ,

175 2395 535 2461 vocaturWelanao11¹³
566 2396 712 2476 dederat,
744 2402 796 2476 ut,
829 2399 977 2480 quotiens
1009 2398 1057 2460 in¹
1093 2397 1167 2461 illas
1195 2405 1304 2480 partes
1369 2417 1370 2420 ’

175 2489 338 2566 pergeret,
370 2483 476 2547 locum
500 2482 695 2547 subsistendi
718 2483 764 2548 ibi
786 2483 931 2548 haberet.
983 2482 1171 2548 Multotiens
1193 2485 1305 2566 itaque

175 2570 243 2651 ipse
274 2567 317 2633 ad
354 2569 488 2634 eundem
519 2570 606 2633 venit
640 2569 747 2633 locum
784 2577 816 2633 et
846 2591 905 2653 pro
937 2569 1101 2634 lucrandis
1133 2570 1303 2634 animabus

176 2655 278 2718 multa
300 2657 334 2718 in
356 2656 517 2737 aquilonis
535 2654 685 2738 partibus
708 2654 905 2738 dispensavit
923 2677 961 2720 ac
978 2656 1135 2738 plurimos
1154 2654 1304 2736 religioni

178 2740 431 2804 christianorum
454 2741 601 2805 adiunxit
623 2746 720 2823 atque
742 2741 776 2804 in
798 2740 860 2806 fide
883 2742 1044 2807 catholica
1066 2739 1241 2805 roboravit.

237 2898 262 2960 *l
280 2895 394 2951 secundo
412 2898 475 2951 add.
495 2899 530 2950 B.

221 2968 259 3031 **)
278 2968 306 3021 Β
322 2967 423 3034 pergit:
442 2965 558 3028 Farriaa
572 2964 771 3026 Gronlondonk‚
785 2963 919 3028 Islondon,
934 2963 1151 3026 Scridevindunl,
1166 2963 1304 3018 Slavorum

279 3051 380 3088 necnon
402 3035 518 3088 omnium
541 3034 799 3102 septemtrionalium
818 3036 872 3087 etm
890 3033 1060 3087 orientalium
1083 3033 1221 3086 nationum
1241 3049 1304 3102 quo-

279 3118 391 3172 cumque
421 3102 498 3156 modo
529 3104 745 3156 nominatarumn
772 3103 916 3171 delegavit.
970 3103 1006 3156 Et
1036 3102 1123 3168 posito
1155 3103 1243 3168 eapite
1275 3105 1302 3155 et

278 3174 402 3239 pectore⁰
424 3189 503 3238 super
525 3188 618 3239 corpus
640 3175 668 3226 et
690 3171 879 3226 confessionem
897 3172 984 3225 sancti
1001 3171 1077 3224 Petri
1099 3171 1226 3237 apostoli,
1250 3171 1303 3225 sibi

278 3242 384 3310 suisque
406 3241 597 3294 successoribus
615 3241 699 3295 vicem
722 3258 797 3294 suam
819 3244 947 3308 perpetuo
969 3237 1135 3294 retinendam
1154 3239 1304 3308 publicam-

278 3325 328 3432 que
347 3309 587 3379 euvangelizandis
609 3309 709 3364 tribuit
727 3310 923 3364 auctoritatem.

207 3381 259 3444 ***)
302 3397 361 3433 erro
379 3409 412 3416 —-
432 3379 569 3433 -fuerat
587 3380 642 3433 des.
661 3381 696 3434 B.

176 3505 198 3555 a)
211 3507 258 3556 allll
271 3519 282 3546 a
295 3517 348 3546 corr.
364 3510 382 3546 1.
433 3507 457 3555 b)
470 3517 550 3546 morem
566 3508 586 3545 2.
600 3507 620 3545 3.
673 3505 694 3557 c)
707 3506 835 3546 Sclnvorum
849 3507 869 3545 2.
883 3508 903 3545 3.
961 3505 984 3555 d)
996 3506 1049 3554 quil.
1064 3506 1084 3544 2.
1145 3502 1166 3553 e)
1180 3503 1271 3542 Hebono
1284 3505 1304 3544 2.

176 3557 368 3608 omulohronel.
407 3560 516 3608 g)novum
530 3556 742 3608 supponente.
760 3560 850 3598 &ualde
890 3555 1020 3607 h)Welnno
1034 3557 1087 3595 ns.
1128 3555 1144 3606 l)
1159 3555 1191 3594 lll.
1201 3556 1231 3593 ln.
1247 3557 1265 3594 3.
1276 3557 1302 3594 B.

176 3609 340 3659 kmi-onumen
355 3610 406 3648 Ba.
422 3609 458 3649 v.
500 3606 684 3659 llseildewtndln
699 3609 798 3649 Bw*⁸
838 3607 1012 3658 mlstqueBtt.
1067 3605 1234 3654 n)nomltarnm
1256 3608 1304 3656 Bl,

176 3672 244 3710 eorm
259 3663 417 3700 nominatorum
430 3663 478 3702 Ba
517 3660 575 3712 o)p.
589 3662 702 3701 einins.
755 3659 779 3712 p)
790 3671 848 3700 ouva
856 3664 913 3710 port.
927 3671 981 3699 corr.
996 3657 1178 3706 euvangelizandi
1191 3659 1212 3697 B
1226 3661 1244 3697 1.

178 3774 203 3839 1)
228 3775 273 3827 De
295 3774 416 3841 genuina
438 3771 564 3839 Gregorii
583 3773 657 3826 bulla
674 3789 698 3826 o.
717 3773 899 3839 Koppmann,
925 3770 994 3824 ‘Die
1011 3772 1123 3825 ditestea
1146 3769 1303 3826 Urlcaden’

172 3844 253 3908 1212
276 3859 329 3912 sqq.
373 3842 570 3907 Interponam
587 3843 723 3907 sormam,
746 3841 927 3908 chpecberp
954 3857 995 3893 nr.
1014 3840 1044 3905 9,
1064 3855 1093 3907 p.
1115 3840 1160 3905 15,
1187 3840 1307 3906 sequitur

176 3913 295 3964 recensio
304 3913 339 3966 B.
393 3910 419 3978 2)
441 3911 470 3964 V.
480 3911 626 3964 Paschalis
640 3910 751 3974 bullam,
770 3909 949 3976 Loppenberp
963 3924 1002 3961 nr.
1017 3909 1041 3973 6,
1052 3923 1081 3974 p.
1096 3909 1120 3962 9.
1172 3908 1199 3970 3)
1214 3907 1304 3960 Hodie

178 3977 384 4046 Mdasterdorff,
397 3980 427 4032 in
440 3980 504 4045 ripa
512 3978 623 4032 stortae
632 3994 719 4046 prope
732 3979 870 4032 Itzcboam
883 3978 974 4043 situm
987 3977 1129 4046 quodcum
1143 3976 1177 4030 ab
1191 3976 1305 4042 eamque

179 4047 246 4100 cella
262 4063 359 4100 nomen
376 4049 493 4110 tulisset,
509 4054 604 4114 postca
615 4049 726 4111 sactum
744 4053 795 4111 est,
814 4052 845 4100 at
861 4047 1052 4099 moenitum
1070 4046 1099 4098 ia
1122 4044 1304 4110 Wc'ppendorp

178 4133 196 4168 a
211 4115 237 4168 S.
259 4115 377 4169 Vicelt'no
395 4117 531 4170 conditum
547 4131 643 4168 nomen
660 4116 726 4169 novi
742 4115 906 4169 Moncstm'i
923 4111 1146 4179 (Neu-Moneta)
1166 4113 1305 4177 acciperet.

178 4183 316 4238 Caeterum
330 4201 390 4237 cum
405 4186 480 4238 mous
493 4185 688 4251 Matri-stendorp
700 4185 867 4252 primitivam
880 4198 977 4236 nomen
999 4183 1093 4236 Wclna
1107 4198 1128 4236 a
1148 4181 1264 4234 Welccu
1278 4197 1303 4233 a.

179 4253 253 4308 1304.
282 4252 372 4306 adbuc
396 4253 552 4318 obtuterit,
580 4269 609 4307 eo
632 4254 746 4321 pravius
770 4257 875 4316 emant,
901 4252 950 4319 qai
975 4251 1069 4305 cellam
1098 4249 1252 4303 Wellcncm
1275 4249 1304 4301 in

184 4321 335 4384 Weddcuc,
358 4322 446 4375 oleum
468 4322 658 4390 Pinneberyc'ci
674 4322 839 4383 dominatus,
858 4321 1061 4374 munstulerant.
1089 4320 1126 4371 D.
1163 4316 1203 4384 Of.
1223 4317 1305 4371 ettam

178 4386 349 4456 Mrtldenboff,
367 4387 514 4444 ‘Nordalb
532 4389 661 4445 Studicn’
680 4391 705 4457 Ι,
720 4407 748 4460 p.
767 4391 799 4443 11
818 4406 870 4459 sqq.

1116 4488 1150 4543 3*
