3154 5016
257 377 290 433 42
513 380 598 434 VITA
618 379 792 435 ANSKARII
811 379 912 436 AUCT.
931 382 1123 436 RIMBERTO.

258 539 290 598 et
316 533 477 615 principes
507 555 546 598 ac
573 535 684 617 populi
713 535 886 600 multitudo
916 537 1105 619 congregari
1131 557 1195 600 non
1221 541 1380 619 poterant.

257 619 394 683 Tantum
418 619 622 702 supradictus
645 621 849 704 Herigarius,
877 623 1059 705 praefectus
1081 624 1182 705 ipsius
1205 622 1283 702 loci,
1310 645 1382 688 cum

257 706 302 770 eis
317 707 371 788 qui
385 705 432 770 ibi
446 706 620 771 manebant
632 708 889 790 negotiatoribus
904 714 936 772 et
948 709 1076 792 populis
1089 729 1242 791 praesens
1257 709 1380 773 aderat.
1468 718 1470 722 ’

256 791 294 855 In
324 812 439 874 magna
468 813 544 874 ergo
572 794 721 878 angustia
746 795 857 876 positi,
888 794 930 859 ad
957 796 1117 859 civitatem
1131 796 1152 875 ¹,
1182 815 1264 878 quae
1291 796 1382 859 iuxta

259 883 338 957 erat,
363 878 584 960 confugerunt.
635 879 817 962 Coeperunt
843 901 970 964 quoque
993 879 1054 944 diis
1078 881 1158 961 suiS,
1187 883 1284 944 immo
1307 880 1382 945 dae·

256 963 419 1044 monibus,
451 971 526 1029 vota
557 972 589 1029 et
620 964 779 1030 sacrificia
808 966 948 1048 plurima
977 968 1166 1049 promittere
1195 973 1228 1031 et
1257 966 1381 1046 offerre,

256 1071 320 1132 quo
348 1071 459 1116 eorum
486 1051 609 1116 auxilio
636 1053 669 1115 in
696 1052 755 1116 tali
783 1060 987 1117 servarentur
1012 1053 1164 1135 periculo
1216 1051 1278 1117 Sed
1306 1054 1382 1135 quia

257 1137 368 1200 civitas
396 1138 467 1220 ipsa
488 1159 553 1202 non
575 1138 712 1203 multum
734 1136 828 1203 firma
852 1145 935 1219 erat,
966 1146 998 1204 et
1019 1140 1081 1221 ipsi
1104 1138 1146 1203 ad
1167 1139 1381 1203 resistendum

254 1223 364 1305 pauci,
392 1225 549 1287 miserunt
575 1223 617 1288 ad
645 1244 698 1288 eos
721 1225 860 1306 legatos,
888 1225 1054 1288 dextrama
1083 1230 1115 1288 et
1137 1223 1249 1289 foedus
1271 1231 1381 1307 postu-

255 1309 369 1376 lantes,
415 1309 539 1387 Quibus
561 1331 618 1373 rex
639 1310 805 1393 praefatus
828 1312 1002 1385 mandavit,
1026 1317 1063 1374 ut
1084 1331 1143 1393 pro
1163 1310 1382 1393 redemptione

256 1397 356 1478 ipsius
384 1395 467 1460 vici²
494 1403 619 1460 centum
645 1396 746 1461 libras
775 1399 899 1480 argenti
925 1397 1156 1479 persolverent,
1188 1397 1297 1479 sicque
1324 1418 1381 1478 pa-

255 1503 324 1546 cem
350 1481 516 1546 haberent.
567 1481 660 1558 Quod
687 1483 748 1562 illi,
779 1487 816 1546 ut
841 1483 1049 1566 petebaturb,
1077 1483 1188 1546 statim
1215 1484 1380 1561 miserunt,

255 1572 289 1630 et
317 1589 337 1631 a
364 1588 439 1651 rege
469 1569 534 1633 iam
564 1567 649 1633 dioto
679 1575 861 1651 susceptum
891 1574 948 1634 est.
1000 1568 1101 1633 Porro
1128 1568 1213 1632 Dani
1241 1569 1381 1649 graviter

255 1653 476 1718 huiuscemodi
507 1654 647 1718 ferentes
675 1656 930 1735 conventionem,
958 1656 1033 1738 quia
1061 1676 1125 1719 non
1152 1655 1247 1718 sicuti
1275 1653 1382 1736 dispc-

257 1746 390 1804 suerant
416 1745 524 1803 actum
551 1740 679 1821 fuisset,
708 1747 881 1823 coeperunt
907 1742 986 1806 velle
1013 1763 1109 1823 super
1132 1762 1185 1804 eos
1209 1739 1316 1804 subito
1339 1741 1382 1804 ir-

255 1847 349 1890 ruere
377 1831 410 1889 et
430 1825 537 1889 locum
560 1827 664 1909 ipsum
688 1827 835 1891 funditus
859 1827 1051 1910 depraedari
1078 1833 1175 1908 atque
1203 1826 1381 1905 incendere,

254 1911 425 1991 dicentes0,
444 1912 720 1995 unumquemlibet
737 1914 971 1996 negotiatorem
985 1913 1057 1996 plus
1071 1913 1118 1978 ibi
1135 1912 1265 1993 habere,
1285 1933 1382 1995 quam

255 1998 317 2063 sibi
347 1997 492 2062 oblatum
519 1998 647 2078 fuisset,
678 2003 711 2062 et
736 1998 825 2063 nullo
852 1999 948 2064 modo
976 2021 1009 2064 se
1035 2005 1159 2064 tantam
1188 1998 1381 2062 calumniam

256 2083 408 2148 sufferred
431 2105 534 2166 posse.
580 2084 660 2149 Cum
682 2084 761 2150 haec
785 2106 861 2168 ergo
884 2086 970 2150 inter
992 2107 1025 2150 se
1044 2090 1176 2168 agerent
1194 2091 1227 2149 et
1245 2084 1288 2148 ad
1305 2083 1382 2148 diri-

254 2169 404 2253 piendam
436 2170 564 2250 urbem,
600 2172 633 2234 in
664 2183 780 2254 (11111111Β
816 2172 1040 2253 confugerant,
1075 2192 1109 2235 se
1139 2176 1380 2253 praepararent,

254 2257 316 2320 boc
342 2277 470 2339 quoque
496 2256 561 2321 illis
588 2258 737 2322 innotuit.
788 2257 881 2323 Unde
903 2279 1016 2322 rursus
1038 2257 1161 2340 pariter
1184 2257 1380 2340 congregati,

255 2364 327 2406 oum
349 2342 438 2406 nullo
461 2343 556 2407 modo
579 2343 663 2407 vires
685 2343 843 2408 haberent
864 2343 1044 2423 resistendi,
1067 2342 1220 2424 nullaque
1243 2344 1288 2406 eis
1308 2363 1381 2424 spes

256 2433 339 2492 esset
361 2428 489 2511 refugii,
513 2428 554 2492 ad
577 2435 652 2494 vota
675 2434 708 2493 et
730 2428 889 2494 sacrificia
907 2431 1032 2493 maiora
1050 2428 1112 2492 diis
1132 2429 1198 2491 suis
1218 2427 1382 2492 offerenda

255 2535 289 2577 se
315 2514 449 2578 invicem
477 2514 761 2580 cohortabanturf.
816 2514 936 2579 Contra
964 2536 1044 2598 quos
1066 2517 1170 2578 iratus
1192 2512 1295 2577 fidelis
1318 2513 1382 2577 Do-

254 2600 333 2663 mini
362 2600 566 2682 Herigarius:
613 2601 801 2666 ‘Maledicta
833 2602 921 2680 sint’,
955 2602 1073 2683 inquit,
1109 2599 1213 2664 ‘Deog
1243 2605 1319 2663 vota
1351 2605 1383 2663 et

254 2684 414 2750 sacrificia
440 2693 547 2751 vestra
575 2708 645 2751 cum
671 2687 766 2752 idolis
792 2689 916 2752 vestris.
969 2685 1151 2763 Quamdiu
1180 2685 1275 2749 vultis
1306 2685 1382 2748 dae-

255 2772 403 2836 monibus
428 2774 548 2837 servire
570 2779 603 2837 et
624 2794 679 2838 vos
702 2775 789 2856 ipsos
812 2773 853 2838 ad
871 2774 1044 2855 perniciem
1063 2773 1161 2836 vestri
1179 2771 1261 2835 votis
1279 2771 1383 2834 inani-

255 2857 314 2922 bus
345 2860 377 2922 in
407 2861 655 2942 paupertatemll
689 2858 857 2941 redigere?
907 2858 991 2923 Ecce
1022 2859 1125 2923 multa
1156 2857 1318 2922 obtulistis
1351 2863 1382 2920 et

255 2944 413 3027 ampliora
446 2946 586 3009 vovistis.
644 2944 779 3028 Insuper
813 2950 846 3009 et
878 2950 1005 3009 centum
1037 2944 1139 3009 libras
1171 2945 1295 3026 argenti
1328 2942 1382 3007 de-

256 3030 357 3094 distis
409 3030 492 3106 Quid
519 3032 644 3114 profuit
668 3032 780 3097 vobis?
825 3030 907 3095 Ecce
936 3031 1043 3095 omnia
1071 3051 1154 3113 quae
1180 3029 1308 3093 habetis
1330 3049 1382 3093 ve-

256 3117 349 3179 niunt
370 3115 519 3198 diripere.
568 3117 694 3181 Uxores
716 3122 839 3182 vestras
862 3123 895 3181 et
915 3115 999 3180 filios
1022 3115 1140 3180 ducent
1162 3116 1315 3198 captivos,
1339 3115 1383 3178 ci-

254 3203 386 3266 vitatem
414 3208 446 3266 et
472 3203 576 3266 vicum
603 3205 669 3286 igni
697 3202 902 3282 succendent,
933 3208 966 3266 et
991 3223 1047 3266 vos
1074 3201 1182 3285 gladio
1204 3201 1352 3283 peribitis
1362 3202 1381 3268 ¹.

255 3287 339 3363 Quid
366 3308 441 3370 ergo
469 3295 605 3371 prosunt
631 3289 722 3354 vobis
750 3289 925 3353 simulacra
951 3288 1093 3352 vestrai’
1137 3286 1188 3349 Ad
1210 3308 1307 3370 quam
1328 3307 1383 3351 vo-

255 3394 324 3438 cem
347 3374 394 3437 illi
418 3394 528 3438 omnes
549 3376 714 3457 perterriti
737 3382 770 3440 et
792 3374 871 3458 quid
893 3380 1026 3458 agerent
1047 3374 1161 3452 nescii,
1188 3373 1383 3437 unanimiter

256 3460 505 3541 responderunt:
549 3461 658 3526 ‘Salus
687 3465 800 3526 nostra
830 3466 862 3525 et
890 3459 1059 3525 consilium
1087 3460 1120 3523 in
1149 3465 1208 3523 tua
1237 3459 1279 3522 sit
1305 3458 1384 3522 deli-

256 3546 438 3626 beratione,
469 3553 502 3611 et
527 3547 681 3630 quicquid
703 3547 797 3612 nobis
825 3547 1022 3628 suggesseris
1048 3544 1183 3628 proculk
1214 3543 1312 3608 dubio
1336 3545 1384 3608 f-

259 3632 401 3696 ciemus'.
453 3632 577 3709 Quibus
606 3634 674 3697 ille:
717 3633 791 3712 ‘Si',
823 3633 942 3715 inquit,
975 3637 1063 3696 ‘vota
1092 3630 1249 3714 spondere
1277 3630 1382 3709 vultis

254 3724 366 3783 vovete
396 3724 429 3782 et
456 3719 582 3783 reddite
610 3719 740 3784 domino
769 3720 838 3783 Deo
869 3719 1094 3801 omnipotenti,
1124 3718 1179 3799 qui
1207 3719 1322 3798 regnat
1349 3716 1382 3778 in

255 3803 364 3883 caelis,
389 3810 420 3868 et
445 3807 496 3869 cui
520 3826 578 3886 ego
601 3806 635 3869 in
658 3806 853 3870 conscientia
870 3825 954 3886 pura
977 3810 1008 3867 et
1033 3801 1096 3866 fide
1115 3809 1206 3866 recta
1228 3801 1381 3865 deservio.

256 3889 329 3972 Ipse
357 3891 498 3955 omnium
526 3892 674 3955 dominus
702 3897 763 3969 est,
791 3892 879 3956 etin
900 3890 1065 3954 voluntate
1088 3889 1155 3952 eius
1179 3887 1286 3950 omnia
1309 3893 1384 3952 sunt

254 3976 376 4058 posita,
406 3997 464 4040 nec
491 3982 540 4041 est
566 3979 623 4060 qui
650 3979 718 4041 eius
742 3977 862 4041 dicioni
883 3976 986 4058 possit
1007 3975 1166 4038 resistere.
1217 3971 1252 4036 Si
1274 3973 1384 4056 itaque

256 4063 325 4126 eius
360 4063 517 4126 auxilium
552 4069 622 4127 toto
654 4063 749 4127 corde
779 4063 952 4145 petieritis,
987 4060 1253 4142 omnipotentiam
1283 4061 1384 4142 ipsius

254 4216 276 4264 a)
290 4217 433 4257 dexterma.
447 4219 466 4256 3.
483 4219 503 4257 Β
517 4221 536 4257 1.
589 4215 612 4267 b)
625 4217 697 4265 pateb.
711 4217 730 4254 2.
784 4214 804 4266 o)
817 4217 847 4254 1111
860 4218 881 4255 2.
895 4217 914 4254 3.
928 4216 960 4263 Β;
974 4215 1076 4254 docentes
1091 4217 1110 4253 1.
1163 4211 1348 4263 ‹inermum-r.
1363 4217 1382 4253 1.

256 4269 415 4316 eByrcensec
427 4280 532 4317 euperem.
547 4280 611 4307 manu
624 4281 641 4307 1.
651 4269 720 4307 XVII.
735 4269 754 4316 3,
767 4272 786 4306 et
794 4271 824 4306 ita
833 4268 858 4306 L.
897 4267 1051 4315 oenomaus.
1091 4264 1270 4316 glaDomln023
1284 4265 1382 4304 aDeoss.

256 4267 279 4370 bi
292 4323 452 4369 paupertates.
506 4323 522 4371 1)
535 4319 658 4370 perhibitis,
671 4331 735 4358 manu
747 4331 765 4359 e.
782 4320 802 4358 Χ
806 4320 852 4359 1⁷11,
867 4330 920 4357 corr.
936 4319 1005 4367 parib.
1020 4319 1040 4358 3.
1091 4317 1116 4368 k)
1129 4317 1275 4358 11116113.

256 4422 281 4488 1)
300 4423 449 4494 suanam.
518 4423 545 4490 2)
565 4424 672 4478 Bircae.
