3154 5016
449 365 533 421 VITA
552 364 727 419 ANSKARII
745 364 848 420 AUCT.
864 364 1058 420 RIMBERTO.
1281 369 1314 423 79

190 520 278 602 poris
309 521 464 604 martyrio
498 519 607 602 aliqua
636 519 721 585 forte
750 540 828 583 suae
857 520 955 583 menti
985 519 1082 583 elatio
1112 519 1311 602 subreperet

191 605 285 682 Quod
312 612 348 670 ut
379 612 558 686 caveretur,
588 605 651 669 hoc
678 605 785 670 divina
810 605 1013 688 providentia
1035 611 1067 669 et
1089 605 1261 689 spopondit
1283 611 1315 671 et

191 693 361 772 concessit,
391 692 476 755 unde
503 698 534 755 et
561 693 684 755 meritis
711 693 778 755 suis
800 692 880 755 nihil
903 692 1099 755 minueretur
1127 697 1159 755 et
1186 691 1314 754 humili-

189 779 263 856 tati,
292 799 375 861 quae
398 779 539 841 omnium
562 782 612 840 est
633 782 740 841 custos
762 778 926 855 virtutum,
953 777 1183 859 provideretur.
1230 776 1314 853 Quo-

191 863 291 943 circa,
327 865 404 946 quia
439 864 503 926 iam
538 885 577 926 ex
605 862 655 926 his
684 883 766 944 quae
800 864 967 945 superiusb
996 865 1313 927 commemoravimus

191 948 326 1029 claret0,
363 955 503 1031 quantae
537 950 586 1013 vir
620 950 681 1012 iste
717 949 911 1027 sanctitatis,
948 950 1060 1031 quanti
1094 949 1180 1032 apud
1209 949 1313 1013 Deum

191 1036 296 1099 meriti
318 1035 426 1116 fuerit,
449 1039 561 1114 restat,
584 1040 629 1115 ut,
653 1035 737 1098 sicut
758 1035 827 1117 ipse
848 1033 968 1098 Christi
990 1035 1134 1098 imitator
1156 1037 1190 1098 iu
1213 1036 1313 1098 omni-

189 1119 250 1184 bus
280 1121 357 1200 fuit,
390 1122 436 1184 sic
465 1141 524 1184 nos
554 1141 680 1203 quoque
710 1121 778 1184 eius
809 1121 989 1184 imitatores
1019 1141 1088 1185 esse
1116 1120 1311 1185 studeamus,

191 1206 244 1270 Sic
267 1208 384 1290 quippe
405 1205 476 1271 fieri
499 1205 612 1289 quibit,
635 1211 673 1270 ut
695 1207 816 1287 etipse
840 1225 963 1289 semper
985 1227 1086 1289 usque
1107 1205 1149 1270 ad
1167 1227 1313 1270 consum-

190 1293 365 1356 mationem
394 1293 516 1357 saeculi
545 1292 711 1356 nobiscum
738 1293 843 1355 vivere
869 1293 972 1375 possit
997 1293 1030 1355 in
1056 1293 1165 1372 terris,
1197 1297 1229 1356 et
1255 1314 1312 1356 nos

189 1383 264 1458 post
293 1379 470 1461 praesentis
499 1379 584 1442 vitae
612 1383 832 1441 transcursum
862 1399 934 1442 cum
961 1398 998 1442 eo
1025 1379 1059 1441 in
1087 1378 1183 1442 caelis
1209 1379 1313 1442 vivere

190 1483 378 1528 mereamur.
424 1461 518 1529 Vivet
539 1483 677 1546 namque
699 1463 781 1547 ipsed
806 1462 972 1527 nobiscum
996 1465 1030 1526 in
1050 1465 1160 1544 terris,
1190 1466 1218 1528 si
1241 1486 1311 1529 eum

189 1549 274 1613 vitae
304 1551 459 1614 sauctitas
489 1555 521 1614 et
550 1548 717 1613 doctrinae
745 1548 927 1613 recordatio
957 1549 1049 1614 nobis
1082 1555 1311 1632 repraesentat.

190 1632 341 1699 Vivemus
367 1657 426 1700 uos
450 1635 613 1718 cumipse
636 1637 669 1698 in
692 1634 800 1714 caelis
824 1636 851 1698 si
875 1636 943 1699 eius
966 1636 1113 1716 exempla
1136 1642 1312 1719 sequentes,

192 1720 234 1783 ad
256 1742 328 1784 eum
352 1741 477 1804 semper
498 1725 567 1785 toto
590 1720 749 1784 desiderio
773 1725 805 1784 et
825 1726 897 1785 tcta
918 1721 1036 1785 virtute
1058 1721 1240 1802 tendamus,
1271 1722 1313 1785 ad

190 1828 285 1888 quem
303 1806 376 1871 illee
392 1828 451 1870 nos
469 1808 654 1891 praecessit,
675 1805 781 1871 Iesum
796 1804 957 1871 Christum
976 1807 1138 1871 dominum
1155 1814 1311 1887 nostrum,

190 1893 247 1972 qui
275 1914 347 1957 oum
371 1893 465 1958 Patre
494 1897 528 1956 et
554 1892 677 1975 Spiritu
706 1897 818 1956 sancto
844 1893 922 1957 vivit
950 1898 982 1957 et
1006 1900 1120 1976 regnat
1142 1894 1229 1958 Deus
1255 1915 1314 1976 per

192 1979 301 2042 omnia
323 1979 453 2043 saecula
475 1979 687 2043 saeculorum.
733 1979 841 2042 Amen.

189 2113 211 2166 a)
221 2117 333 2166 subripere
342 2118 361 2155 2.
407 2115 431 2166 b)
440 2118 554 2165 suppetias
564 2118 584 2156 2.
624 2114 645 2166 c)
658 2117 932 2166 elecorrpoamanuea
973 2115 996 2167 d)
1010 2117 1064 2156 decet
1072 2117 1091 2155 3.
1132 2115 1153 2167 e)
1166 2127 1206 2156 nos
1215 2117 1254 2156 ille
1263 2118 1283 2156 2.
1293 2119 1312 2158 3.
