3154 5016
275 380 309 434 70
529 376 616 431 VITA
635 376 809 432 ANSKARII
827 377 929 434 AUCT.
947 377 1140 434 RIMBERTO.

274 533 352 597 deus
373 531 496 597 videret
517 554 688 612 reversum,
715 533 811 598 sicuti
833 554 902 597 mos
924 539 973 598 est
994 533 1195 616 feminarum,
1218 557 1296 618 prae
1318 557 1396 618 gau-

274 619 327 683 dio
354 619 387 681 in
413 624 586 700 conspectu
609 619 677 683 eius
700 625 810 684 astans
832 620 1002 684 lacrimata
1023 619 1151 701 inisset,
1178 623 1246 705 ipse
1268 643 1396 705 quoque

275 705 442 787 episcopus
469 711 678 787 compunctus
704 726 768 769 non
792 707 895 770 minus
917 704 994 770 flere
1017 709 1165 790 coeperit.
1216 707 1396 790 Statimque

274 792 378 872 ipsum
396 790 512 854 viduae
530 789 631 854 filium
649 791 800 855 libertate
817 791 970 856 donatum
987 795 1084 856 matri
1097 792 1239 858 reddidit
1252 793 1396 858 domum-

274 897 336 957 que
358 876 534 956 gaudentes
557 877 603 940 ire
624 877 780 959 permisit.

126 977 214 1027 Phile,
227 981 260 1019 20.
338 963 408 1027 36st
443 961 485 1025 Et
507 963 583 1044 quia
606 964 805 1027 conversatio
826 964 894 1027 eius
915 963 1090 1028 secundum
1109 964 1240 1030 beatum
1259 964 1397 1030 Paulum

275 1047 457 1129 apostolum
479 1068 605 1131 semper
628 1054 698 1113 erat
718 1049 752 1111 in
775 1051 875 1128 caelo,
897 1071 1137 1132 nonnumquam
1159 1052 1227 1134 ipse
1249 1051 1396 1116 caelesti-

274 1132 333 1196 bus
362 1132 627 1214 revelationibus,
657 1135 753 1198 sicuti
781 1135 846 1198 iam
872 1134 1012 1217 praefati
1039 1157 1162 1216 sumus,
1191 1137 1268 1201 licet
1293 1138 1397 1200 multa

274 1219 489 1299 omiserimus,
519 1219 745 1284 illustrabatur
767 1221 800 1283 in
822 1227 923 1300 terra,
950 1221 998 1285 ita
1026 1227 1063 1286 ut
1089 1221 1156 1286 iere
1183 1223 1291 1286 omnia
1314 1229 1402 1305 quae'

274 1305 303 1367 ei
331 1310 527 1387 proventura
555 1310 648 1370 erant
676 1311 772 1370 antea
807 1327 931 1389 semper
964 1307 1029 1370 sive
1062 1327 1119 1390 per
1146 1309 1304 1372 somnium
1331 1310 1398 1372 sive

272 1411 331 1472 per
357 1391 503 1454 intimam
529 1391 757 1456 revelationem
784 1391 817 1455 in
844 1397 949 1456 mente
976 1393 1041 1458 sive
1067 1414 1125 1475 per
1147 1415 1312 1458 excessum
1334 1396 1398 1476 ipsi

275 1477 403 1558 cognita
428 1475 550 1540 fierent.
601 1476 684 1540 Nam
712 1477 798 1558 quod
826 1477 963 1541 diximus
990 1477 1060 1542 fieri
1084 1479 1118 1541 in
1140 1486 1259 1560 mente,
1287 1481 1398 1544 huius-

274 1560 361 1625 modi
392 1583 460 1626 esse
486 1568 651 1644 putamus,
682 1563 765 1627 sicut
793 1564 827 1626 in
852 1563 987 1628 Actibus
1017 1565 1236 1646 apostolorum
1263 1565 1397 1648 legitur:

137 1663 261 1714 notam.
277 1646 404 1726 ‘Dixit’,
434 1648 551 1731 inquit,
583 1649 729 1730 ‘spiritus
756 1648 923 1732 Philippo'.
981 1650 1031 1713 Ad
1053 1652 1160 1714 omnia
1182 1653 1286 1715 enimi
1315 1673 1399 1735 quae

274 1732 358 1796 forte
380 1734 555 1815 praecipua
578 1732 730 1798 definire⁰
757 1733 896 1799 debebat
921 1737 1064 1818 spacium
1088 1736 1250 1818 cogitandi
1277 1737 1398 1802 habere
1437 1786 1441 1795 =

274 1817 415 1898 volebat,
446 1820 495 1882 et<1
518 1819 598 1883 nihil
624 1824 744 1884 temere
773 1819 977 1903 disponebat,
1007 1827 1180 1904 antequam
1209 1823 1314 1904 gratia
1336 1823 1397 1886 Dei

164 1920 260 1968 “n-⁷20.
274 1903 455 1968 illustratus
488 1906 556 1987 ipse
583 1905 615 1967 in
642 1911 748 1970 mente
771 1926 830 1969 sua
851 1905 1015 1986 *sentiret
1044 1907 1139 1990 quid⁰
1164 1909 1277 1972 melius
1301 1913 1395 1972 esset.

275 1989 390 2072 Sioque
413 2012 553 2074 superna
574 1991 758 2056 visitatione
782 1989 976 2056 certificatus
1003 1993 1036 2056 in
1058 1998 1176 2073 mente,
1207 1995 1275 2058 siue
1302 2015 1397 2058 cunc-

275 2076 397 2140 tatione
420 2097 502 2159 quae
531 2077 656 2159 agenda
678 2082 770 2142 erant
792 2076 991 2160 disponebat.
1036 2079 1137 2142 Porro
1166 2101 1204 2144 ea
1231 2100 1313 2160 quae
1339 2101 1397 2162 per

275 2162 433 2224 somnium
458 2162 602 2241 videbat,
631 2163 731 2226 sicutf
757 2163 823 2226 iam
851 2164 996 2245 superius
1021 2165 1123 2229 multa
1146 2165 1397 2246 compraehensa

275 2252 358 2326 sunt,
377 2251 444 2310 tam
462 2269 539 2312 vera
557 2253 657 2328 erant,
676 2252 714 2312 ut
730 2269 903 2330 numquam
921 2269 959 2313 ea
976 2255 1125 2314 cassatag
1142 2253 1394 2315 reminiscamur.

273 2331 385 2413 Namh,
408 2335 457 2397 ut¹
482 2333 523 2396 ad
540 2333 764 2416 probationem
782 2333 878 2398 huius
896 2335 944 2398 rei
962 2337 1080 2400 omissa
1098 2336 1283 2416 referamus,
1308 2342 1396 2401 ante-

274 2438 371 2500 quam
399 2419 442 2482 ad
467 2419 672 2483 Bremensem
700 2419 891 2484 invitaretur
922 2421 1102 2502 ecclesiam,
1133 2422 1273 2504 quadam
1302 2429 1396 2487 nocte

272 2504 375 2567 visum
401 2509 450 2568 est
471 2505 513 2584 ei,
543 2504 631 2587 quod
653 2506 792 2570 venisset
813 2506 846 2568 in
869 2505 1031 2588 quandam
1052 2508 1215 2590 regionem
1239 2508 1396 2572 amoenis-

275 2589 399 2670 simam,
422 2591 455 2652 in
477 2611 541 2673 qua
563 2591 684 2654 invenit
706 2590 838 2654 beatum
860 2590 990 2655 Petrum
1013 2594 1203 2675 apostolum.
1252 2592 1395 2677 Cumque

273 2674 365 2738 illum
394 2676 624 2756 admiraretur,
653 2682 810 2741 venerunt
839 2677 970 2759 quidam
998 2678 1142 2762 homines
1171 2684 1329 2761 petentes,
1359 2685 1397 2743 ut

273 2761 351 2843 ipse,
375 2761 490 2826 beatus
508 2761 657 2826 videlicet
674 2762 799 2840 Petrae,
821 2763 866 2826 eis
885 2763 1049 2828 doctorem
1068 2769 1100 2827 et
1116 2771 1279 2846 pastorem
1298 2764 1396 2828 desti-

273 2867 351 2910 nare
370 2847 510 2912 deberet.
553 2848 676 2924 Quibus
695 2870 767 2913 cum
785 2848 840 2912 ille
858 2849 1090 2932 respondisset:
1123 2849 1202 2914 ‘iste
1222 2858 1279 2931 est,
1301 2871 1395 2932 quem

179 2944 182 2950 '
274 2931 397 2995 debetis
416 2932 536 2998 habere
552 2935 741 3016 pastorem',
761 2933 912 2998 domnum
932 2936 1115 3019 episcopum
1132 2956 1240 3000 coram
1258 2957 1290 3000 se
1308 2942 1395 3001 stan-

273 3018 438 3082 teml'eisl
454 3040 645 3101 proponens,
669 3023 772 3084 visum
792 3026 841 3086 est
858 3022 923 3102 eim,
947 3021 1033 3104 quod
1051 3028 1157 3086 terrae
1179 3029 1285 3086 motus
1303 3020 1396 3086 fieret

274 3124 422 3185 magnus,
452 3110 485 3169 et
510 3106 579 3187 ipse
601 3106 635 3168 in
657 3111 777 3170 terram
801 3107 984 3188 cecidisset,
1013 3113 1044 3171 et
1066 3107 1152 3191 quod
1174 3109 1313 3172 venisset
1334 3128 1396 3171 vox

274 3208 369 3270 super
399 3210 484 3269 eum,
519 3195 551 3254 et
579 3211 696 3272 magna
725 3193 868 3256 suavitas
897 3193 930 3255 in
959 3198 1079 3272 mente,
1111 3193 1219 3257 unctio
1248 3192 1396 3257 videlicet

273 3273 412 3355 Spiritus
436 3276 552 3354 sancti,
580 3276 628 3339 ita
650 3281 687 3340 ut
709 3297 742 3340 se
765 3279 858 3359 quasi
880 3278 1087 3342 innovatumn
1112 3280 1245 3343 sentiret
1266 3279 1300 3342 in
1322 3299 1395 3361 gra

273 3359 321 3422 tia
344 3359 471 3424 Christi.
516 3359 587 3424 Vox
612 3381 688 3426 vero
721 3382 804 3444 quae
831 3365 917 3427 venit
946 3363 1038 3445 quasi
1064 3363 1318 3428 benedictionem
1342 3385 1394 3427 su·

271 3466 330 3527 per
353 3467 425 3510 eum
448 3445 539 3510 fudit.
585 3446 663 3510 Post
684 3448 764 3511 haec
787 3449 914 3527 iterum,
939 3450 1023 3513 siout
1044 3449 1106 3531 ipsi
1127 3449 1306 3529 videbatur,
1329 3450 1393 3512 iam

273 3530 351 3596 dicti
376 3532 437 3596 riri
461 3531 697 3596 admonuerunt
719 3534 915 3615 apostolum,
944 3554 1007 3617 quo
1030 3535 1075 3598 eis
1098 3534 1262 3599 doctorem
1286 3557 1394 3618 quem-

271 3616 352 3682 libet
379 3617 563 3682 destinaret.
621 3616 784 3683 Contrarii
811 3620 893 3682 enim
921 3641 990 3684 esse
1017 3619 1208 3685 videbantur
1234 3621 1285 3684 his
1312 3641 1395 3703 quae

271 3702 326 3766 ille
351 3704 398 3767 eis
422 3708 496 3767 ante
517 3709 739 3786 proposuerat.
791 3704 913 3781 Quibus
936 3704 990 3769 ille
1013 3706 1105 3788 quasi
1127 3705 1323 3788 indignando
1345 3727 1394 3769 re-

272 3789 415 3870 spondit:
453 3788 578 3853 ‘Nonne
605 3788 671 3853 dixi
698 3789 803 3872 vobis,
831 3791 907 3873 quia
934 3790 988 3855 hio
1015 3812 1084 3855 esse
1112 3791 1244 3856 deberet
1270 3792 1325 3873 qui
1347 3791 1394 3854 in-

271 3875 527 3956 praesentiarum
551 3876 658 3939 stat0?
702 3874 785 3951 Quid
808 3874 1004 3940 dubitatisr?
1047 3875 1159 3941 Nonne
1182 3877 1318 3940 audistis
1340 3897 1393 3940 vo-

273 3981 341 4023 cem
370 3981 465 4042 super
495 3981 568 4024 eum
596 3959 734 4042 Spiritus
764 3961 866 4025 sancti
894 3961 935 4025 ad
961 3962 1023 4026 hoc
1050 3961 1228 4044 delapsam,
1258 3969 1295 4026 nt
1322 3983 1394 4026 eum

270 4045 361 4110 vobis
385 4052 588 4110 consecraret
608 4047 807 4128 pastoremi’
852 4046 921 4123 Quo
944 4047 1045 4128 dicto,
1075 4049 1219 4112 somnioq
1244 4069 1394 4131 experge-

271 4215 292 4264 ιι)
305 4214 411 4268 (91)a?e;
424 4218 457 4258 90.
474 4218 563 4257 (lucido
642 4217 665 4266 b)
680 4227 730 4266 ergo
749 4219 770 4256 V.
782 4219 848 4258 aimo.
864 4230 881 4257 c.
896 4219 915 4268 6,
928 4215 965 4258 uhi
977 4217 1011 4256 aa
1024 4220 1080 4257 locu
1093 4219 1187 4268 affertur.
1258 4217 1278 4270 c)
1291 4216 1361 4257 dlffln.
1371 4220 1393 4267 23

271 4267 330 4308 ditio.
345 4269 365 4307 3.
430 4269 452 4319 d)
465 4272 487 4308 et
500 4281 523 4308 ιι.
537 4272 553 4309 t.
568 4268 588 4308 d.
602 4268 626 4307 ia
638 4280 703 4320 mara.
718 4272 787 4318 suppl.
804 4272 826 4319 13
840 4280 880 4309 nec
894 4271 1009 4318 quicquam
1026 4271 1049 4308 V.
1060 4270 1127 4310 Rima.
1143 4283 1160 4310 e.
1175 4273 1194 4311 6.
1270 4269 1292 4320 e)
1305 4269 1362 4318 quod
1375 4270 1395 4309 3.

271 4318 289 4369 f)
303 4320 368 4358 sicuti
382 4323 401 4358 2.
415 4321 435 4360 3.
474 4320 497 4368 g)
510 4324 603 4370 cessate,
617 4331 680 4358 manu
694 4332 712 4360 ι.
725 4321 793 4360 XVII.
807 4332 859 4362 corr.
874 4325 958 4361 cessata
971 4323 990 4360 3.
1042 4321 1154 4370 hionnam
1167 4335 1213 4372 cop.
1227 4320 1269 4372 (92)
1282 4323 1323 4361 inc.
1338 4319 1393 4367 2233

271 4371 303 4410 91.
321 4372 410 4411 Guuidu
450 4371 467 4423 i)
480 4373 566 4412 acesto.
605 4369 629 4420 k)
642 4373 739 4412 stertet.
779 4371 797 4422 i)
811 4372 919 4412 deestis.
960 4371 991 4422 m)
1003 4373 1045 4421 ipsi
1060 4375 1079 4412 2.
1094 4375 1113 4414 ii.
1165 4374 1188 4423 ιι)
1201 4375 1325 4412 innovatam
1339 4383 1392 4412 corr.

270 4421 397 4462 innovatum
407 4425 425 4462 1.
478 4423 500 4474 o)
514 4426 557 4463 stet
569 4433 623 4462 corr.
637 4425 680 4462 stat
693 4426 713 4463 1.
765 4423 954 4475 monsiestias.
1007 4423 1151 4477 qinomtpmo
1164 4427 1184 4466 8.
1199 4427 1218 4465 3.
