<?xml version="1.0" encoding="UTF-8"?>
<!DOCTYPE html PUBLIC "-//W3C//DTD XHTML 1.0 Transitional//EN"
    "http://www.w3.org/TR/xhtml1/DTD/xhtml1-transitional.dtd">
<html xmlns="http://www.w3.org/1999/xhtml" xml:lang="en" lang="en">
 <head>
  <title>
</title>
<meta http-equiv="Content-Type" content="text/html;charset=utf-8" />
  <meta name='ocr-system' content='tesseract 3.04.00' />
  <meta name='ocr-capabilities' content='ocr_page ocr_carea ocr_par ocr_line ocrx_word'/>
</head>
<body>
  <div class='ocr_page' id='page_1' title='image "./vitaanskariiauc00waitgoog_0072.png"; bbox 0 0 3154 5016; ppageno 0'>
   <div class='ocr_carea' id='block_1_1' title="bbox 282 368 1147 426">
    <p class='ocr_par' dir='ltr' id='par_1_1' title="bbox 282 368 1147 426">
     <span class='ocr_line' id='line_1_1' title="bbox 282 368 1147 426; baseline -0.002 0"><span class='ocrx_word' id='word_1_1' title='bbox 282 373 317 426; x_wconf 87' lang='grc'>68</span> <span class='ocrx_word' id='word_1_2' title='bbox 537 368 623 425; x_wconf 79' lang='lat' dir='ltr'>VITA</span> <span class='ocrx_word' id='word_1_3' title='bbox 640 369 817 424; x_wconf 83' lang='lat' dir='ltr'><strong>ANSKARII</strong></span> <span class='ocrx_word' id='word_1_4' title='bbox 834 368 936 425; x_wconf 76' lang='lat' dir='ltr'>lucu.</span> <span class='ocrx_word' id='word_1_5' title='bbox 954 369 1147 426; x_wconf 77' lang='lat' dir='ltr'>RIMBERTO.</span> 
     </span>
    </p>
   </div>
   <div class='ocr_carea' id='block_1_2' title="bbox 177 523 1406 4085">
    <p class='ocr_par' dir='ltr' id='par_1_2' title="bbox 177 523 1406 4085">
     <span class='ocr_line' id='line_1_2' title="bbox 281 523 1404 607; baseline 0 -19"><span class='ocrx_word' id='word_1_6' title='bbox 281 524 372 588; x_wconf 89' lang='lat' dir='ltr'>nulla</span> <span class='ocrx_word' id='word_1_7' title='bbox 399 523 620 589; x_wconf 90' lang='lat' dir='ltr'>huiuscemodi</span> <span class='ocrx_word' id='word_1_8' title='bbox 647 525 828 606; x_wconf 90' lang='lat' dir='ltr'>conscripta</span> <span class='ocrx_word' id='word_1_9' title='bbox 853 524 1017 590; x_wconf 79' lang='lat' dir='ltr'>miserunt.</span> <span class='ocrx_word' id='word_1_10' title='bbox 1066 524 1130 589; x_wconf 85' lang='lat' dir='ltr'>Sed</span> <span class='ocrx_word' id='word_1_11' title='bbox 1155 545 1329 607; x_wconf 81' lang='lat' dir='ltr'><strong>numquam</strong></span> <span class='ocrx_word' id='word_1_12' title='bbox 1354 525 1404 588; x_wconf 90' lang='lat' dir='ltr'>illi</span> 
     </span>
     <span class='ocr_line' id='line_1_3' title="bbox 283 610 1404 693; baseline 0 -19"><span class='ocrx_word' id='word_1_13' title='bbox 283 616 334 675; x_wconf 90' lang='lat' dir='ltr'>sat</span> <span class='ocrx_word' id='word_1_14' title='bbox 356 630 426 674; x_wconf 88' lang='lat' dir='ltr'>esse</span> <span class='ocrx_word' id='word_1_15' title='bbox 447 615 583 693; x_wconf 88' lang='lat' dir='ltr'>poterat,</span> <span class='ocrx_word' id='word_1_16' title='bbox 607 611 684 692; x_wconf 90' lang='lat' dir='ltr'>quia</span> <span class='ocrx_word' id='word_1_17' title='bbox 707 631 831 674; x_wconf 90' lang='lat' dir='ltr'>omnem</span> <span class='ocrx_word' id='word_1_18' title='bbox 853 611 952 675; x_wconf 86' lang='lat' dir='ltr'>vitam</span> <span class='ocrx_word' id='word_1_19' title='bbox 975 631 1066 674; x_wconf 88' lang='lat' dir='ltr'>suam</span> <span class='ocrx_word' id='word_1_20' title='bbox 1088 611 1122 674; x_wconf 91' lang='lat' dir='ltr'>in</span> <span class='ocrx_word' id='word_1_21' title='bbox 1143 611 1232 675; x_wconf 88' lang='lat' dir='ltr'>luctu</span> <span class='ocrx_word' id='word_1_22' title='bbox 1255 617 1287 675; x_wconf 92' lang='lat' dir='ltr'>et</span> <span class='ocrx_word' id='word_1_23' title='bbox 1307 610 1404 674; x_wconf 91' lang='lat' dir='ltr'>lacri-</span> 
     </span>
     <span class='ocr_line' id='line_1_4' title="bbox 282 695 1404 779; baseline 0 -19"><span class='ocrx_word' id='word_1_24' title='bbox 282 696 343 760; x_wconf 91' lang='lat' dir='ltr'>mis</span> <span class='ocrx_word' id='word_1_25' title='bbox 370 695 496 777; x_wconf 82' lang='lat' dir='ltr'>exigere</span> <span class='ocrx_word' id='word_1_26' title='bbox 521 695 658 760; x_wconf 86' lang='lat' dir='ltr'>volebat.</span> <span class='ocrx_word' id='word_1_27' title='bbox 708 695 790 759; x_wconf 92' lang='lat' dir='ltr'>Nam</span> <span class='ocrx_word' id='word_1_28' title='bbox 816 696 892 760; x_wconf 92' lang='lat' dir='ltr'>licet</span> <span class='ocrx_word' id='word_1_29' title='bbox 917 695 966 760; x_wconf 93' lang='lat' dir='ltr'>illi</span> <span class='ocrx_word' id='word_1_30' title='bbox 988 698 1189 779; x_wconf 77' lang='lat' dir='ltr'>compunctio</span> <span class='ocrx_word' id='word_1_31' title='bbox 1212 697 1318 761; x_wconf 91' lang='lat' dir='ltr'>cordis</span> <span class='ocrx_word' id='word_1_32' title='bbox 1341 697 1404 760; x_wconf 84' lang='lat' dir='ltr'>fre-</span> 
     </span>
     <span class='ocr_line' id='line_1_5' title="bbox 282 781 1404 864; baseline 0.001 -19"><span class='ocrx_word' id='word_1_33' title='bbox 282 787 416 864; x_wconf 90' lang='lat' dir='ltr'>quenter</span> <span class='ocrx_word' id='word_1_34' title='bbox 433 781 584 846; x_wconf 87' lang='lat' dir='ltr'>lacrimas</span> <span class='ocrx_word' id='word_1_35' title='bbox 602 782 766 861; x_wconf 86' lang='lat' dir='ltr'>excitaret,</span> <span class='ocrx_word' id='word_1_36' title='bbox 785 787 974 847; x_wconf 88' lang='lat' dir='ltr'>nontamen</span> <span class='ocrx_word' id='word_1_37' title='bbox 992 803 1143 864; x_wconf 87' lang='lat' dir='ltr'>umquam</span> <span class='ocrx_word' id='word_1_38' title='bbox 1162 784 1191 847; x_wconf 94' lang='lat' dir='ltr'>ei</span> <span class='ocrx_word' id='word_1_39' title='bbox 1208 781 1404 847; x_wconf 83' lang='lat' dir='ltr'>sufficientes</span> 
     </span>
     <span class='ocr_line' id='line_1_6' title="bbox 281 867 1404 951; baseline 0 -19"><span class='ocrx_word' id='word_1_40' title='bbox 281 867 482 947; x_wconf 81' lang='lat' dir='ltr'>ridebantur,</span> <span class='ocrx_word' id='word_1_41' title='bbox 505 868 567 931; x_wconf 86' lang='lat' dir='ltr'>nisi</span> <span class='ocrx_word' id='word_1_42' title='bbox 589 867 676 950; x_wconf 91' lang='lat' dir='ltr'>quod</span> <span class='ocrx_word' id='word_1_43' title='bbox 698 868 732 930; x_wconf 92' lang='lat' dir='ltr'>in</span> <span class='ocrx_word' id='word_1_44' title='bbox 753 867 868 932; x_wconf 92' lang='lat' dir='ltr'>ultimo</span> <span class='ocrx_word' id='word_1_45' title='bbox 891 869 1008 931; x_wconf 87' lang='lat' dir='ltr'>aetatis</span> <span class='ocrx_word' id='word_1_46' title='bbox 1029 889 1105 932; x_wconf 90' lang='lat' dir='ltr'>suae</span> <span class='ocrx_word' id='word_1_47' title='bbox 1124 888 1207 932; x_wconf 90' lang='lat' dir='ltr'>anno</span> <span class='ocrx_word' id='word_1_48' title='bbox 1226 868 1308 932; x_wconf 91' lang='lat' dir='ltr'>hanc</span> <span class='ocrx_word' id='word_1_49' title='bbox 1325 889 1404 951; x_wconf 91' lang='lat' dir='ltr'>quo-</span> 
     </span>
     <span class='ocr_line' id='line_1_7' title="bbox 282 952 1406 1036; baseline 0.002 -21"><span class='ocrx_word' id='word_1_50' title='bbox 282 974 345 1035; x_wconf 92' lang='lat' dir='ltr'>que</span> <span class='ocrx_word' id='word_1_51' title='bbox 372 954 510 1036; x_wconf 88' lang='lat' dir='ltr'>gratiam</span> <span class='ocrx_word' id='word_1_52' title='bbox 533 952 589 1016; x_wconf 91' lang='lat' dir='ltr'>diu</span> <span class='ocrx_word' id='word_1_53' title='bbox 611 953 791 1035; x_wconf 76' lang='lat' dir='ltr'>quaesitam</span> <span class='ocrx_word' id='word_1_54' title='bbox 812 952 949 1017; x_wconf 91' lang='lat' dir='ltr'>Domino</span> <span class='ocrx_word' id='word_1_55' title='bbox 971 954 1129 1036; x_wconf 79' lang='lat' dir='ltr'>largiente</span> <span class='ocrx_word' id='word_1_56' title='bbox 1149 955 1341 1036; x_wconf 89' lang='lat' dir='ltr'>promeruit,</span> <span class='ocrx_word' id='word_1_57' title='bbox 1367 958 1406 1018; x_wconf 90' lang='lat' dir='ltr'>ut</span> 
     </span>
     <span class='ocr_line' id='line_1_8' title="bbox 283 1039 1405 1123; baseline 0.002 -21"><span class='ocrx_word' id='word_1_58' title='bbox 283 1039 569 1122; x_wconf 75' lang='lat' dir='ltr'>quotienscumque</span> <span class='ocrx_word' id='word_1_59' title='bbox 603 1039 698 1104; x_wconf 89' lang='lat' dir='ltr'>vellet</span> <span class='ocrx_word' id='word_1_60' title='bbox 730 1039 882 1122; x_wconf 91' lang='lat' dir='ltr'>ploraret.</span> <span class='ocrx_word' id='word_1_61' title='bbox 938 1039 1102 1122; x_wconf 80' lang='lat' dir='ltr'>Denique·</span> <span class='ocrx_word' id='word_1_62' title='bbox 1136 1060 1174 1103; x_wconf 86' lang='lat' dir='ltr'>ex</span> <span class='ocrx_word' id='word_1_63' title='bbox 1206 1041 1284 1123; x_wconf 88' lang='lat' dir='ltr'>ipsis</span> <span class='ocrx_word' id='word_1_64' title='bbox 1318 1061 1405 1104; x_wconf 90' lang='lat' dir='ltr'>com·</span> 
     </span>
     <span class='ocr_line' id='line_1_9' title="bbox 281 1124 1404 1209; baseline 0.001 -20"><span class='ocrx_word' id='word_1_65' title='bbox 281 1125 440 1209; x_wconf 82' lang='lat' dir='ltr'>punctivis</span> <span class='ocrx_word' id='word_1_66' title='bbox 458 1124 564 1205; x_wconf 92' lang='lat' dir='ltr'>rebus,</span> <span class='ocrx_word' id='word_1_67' title='bbox 584 1145 623 1188; x_wconf 84' lang='lat' dir='ltr'>ex</span> <span class='ocrx_word' id='word_1_68' title='bbox 642 1124 741 1189; x_wconf 88' lang='lat' dir='ltr'>Sacra</span> <span class='ocrx_word' id='word_1_69' title='bbox 759 1124 926 1208; x_wconf 84' lang='lat' dir='ltr'>Scriptura</span> <span class='ocrx_word' id='word_1_70' title='bbox 947 1126 1092 1208; x_wconf 89' lang='lat' dir='ltr'>sumptis,</span> <span class='ocrx_word' id='word_1_71' title='bbox 1115 1146 1173 1207; x_wconf 91' lang='lat' dir='ltr'>per</span> <span class='ocrx_word' id='word_1_72' title='bbox 1192 1147 1301 1192; x_wconf 91' lang='lat' dir='ltr'>omnes</span> <span class='ocrx_word' id='word_1_73' title='bbox 1318 1127 1404 1209; x_wconf 91' lang='lat' dir='ltr'>psal-</span> 
     </span>
     <span class='ocr_line' id='line_1_10' title="bbox 283 1210 1404 1295; baseline 0 -20"><span class='ocrx_word' id='word_1_74' title='bbox 283 1231 352 1275; x_wconf 92' lang='lat' dir='ltr'>mos</span> <span class='ocrx_word' id='word_1_75' title='bbox 379 1211 550 1295; x_wconf 91' lang='lat' dir='ltr'>unicuique</span> <span class='ocrx_word' id='word_1_76' title='bbox 571 1210 721 1276; x_wconf 89' lang='lat' dir='ltr'>videlicet</span> <span class='ocrx_word' id='word_1_77' title='bbox 741 1210 866 1294; x_wconf 92' lang='lat' dir='ltr'>psalmo</span> <span class='ocrx_word' id='word_1_78' title='bbox 888 1213 1052 1294; x_wconf 88' lang='lat' dir='ltr'>propriam</span> <span class='ocrx_word' id='word_1_79' title='bbox 1076 1213 1199 1294; x_wconf 82' lang='lat' dir='ltr'>aptavit</span> <span class='ocrx_word' id='word_1_80' title='bbox 1220 1214 1404 1276; x_wconf 89' lang='lat' dir='ltr'>oratiuncu-</span> 
     </span>
     <span class='ocr_line' id='line_1_11' title="bbox 282 1296 1403 1380; baseline 0 -20"><span class='ocrx_word' id='word_1_81' title='bbox 282 1296 357 1360; x_wconf 90' lang='lat' dir='ltr'>lam.</span> <span class='ocrx_word' id='word_1_82' title='bbox 407 1296 500 1372; x_wconf 79' lang='lat' dir='ltr'>Quod</span> <span class='ocrx_word' id='word_1_83' title='bbox 521 1297 589 1378; x_wconf 88' lang='lat' dir='ltr'>ipse</span> <span class='ocrx_word' id='word_1_84' title='bbox 610 1297 827 1380; x_wconf 78' lang='lat' dir='ltr'>pigmentumb</span> <span class='ocrx_word' id='word_1_85' title='bbox 851 1297 990 1361; x_wconf 86' lang='lat' dir='ltr'>vocitare</span> <span class='ocrx_word' id='word_1_86' title='bbox 1013 1297 1151 1377; x_wconf 91' lang='lat' dir='ltr'>solebat,</span> <span class='ocrx_word' id='word_1_87' title='bbox 1179 1303 1215 1361; x_wconf 87' lang='lat' dir='ltr'>ut</span> <span class='ocrx_word' id='word_1_88' title='bbox 1236 1300 1265 1362; x_wconf 93' lang='lat' dir='ltr'>ei</span> <span class='ocrx_word' id='word_1_89' title='bbox 1287 1297 1403 1380; x_wconf 85' lang='lat' dir='ltr'>psalmi</span> 
     </span>
     <span class='ocr_line' id='line_1_12' title="bbox 282 1381 1403 1466; baseline 0.001 -21"><span class='ocrx_word' id='word_1_90' title='bbox 282 1382 344 1447; x_wconf 90' lang='lat' dir='ltr'>hac</span> <span class='ocrx_word' id='word_1_91' title='bbox 373 1382 412 1446; x_wconf 90' lang='lat' dir='ltr'>de</span> <span class='ocrx_word' id='word_1_92' title='bbox 441 1402 539 1446; x_wconf 87' lang='lat' dir='ltr'>causa</span> <span class='ocrx_word' id='word_1_93' title='bbox 567 1381 795 1447; x_wconf 87' lang='lat' dir='ltr'>dulcescerent.</span> <span class='ocrx_word' id='word_1_94' title='bbox 849 1381 887 1445; x_wconf 94' lang='lat' dir='ltr'>In</span> <span class='ocrx_word' id='word_1_95' title='bbox 916 1382 1031 1466; x_wconf 92' lang='lat' dir='ltr'>quibus</span> <span class='ocrx_word' id='word_1_96' title='bbox 1058 1383 1206 1448; x_wconf 88' lang='lat' dir='ltr'>videlicet</span> <span class='ocrx_word' id='word_1_97' title='bbox 1233 1384 1403 1466; x_wconf 90' lang='lat' dir='ltr'>pigmentis</span> 
     </span>
     <span class='ocr_line' id='line_1_13' title="bbox 282 1467 1403 1552; baseline 0.002 -22"><span class='ocrx_word' id='word_1_98' title='bbox 282 1467 350 1551; x_wconf 88' lang='lat' dir='ltr'>ipse</span> <span class='ocrx_word' id='word_1_99' title='bbox 372 1489 436 1531; x_wconf 94' lang='lat' dir='ltr'>non</span> <span class='ocrx_word' id='word_1_100' title='bbox 459 1469 721 1551; x_wconf 86' lang='lat' dir='ltr'>compositionem</span> <span class='ocrx_word' id='word_1_101' title='bbox 742 1467 913 1533; x_wconf 88' lang='lat' dir='ltr'>verborum</span> <span class='ocrx_word' id='word_1_102' title='bbox 936 1468 1081 1550; x_wconf 87' lang='lat' dir='ltr'>curabat,</span> <span class='ocrx_word' id='word_1_103' title='bbox 1110 1469 1165 1533; x_wconf 90' lang='lat' dir='ltr'>sed</span> <span class='ocrx_word' id='word_1_104' title='bbox 1188 1469 1403 1552; x_wconf 90' lang='lat' dir='ltr'>compunctio-</span> 
     </span>
     <span class='ocr_line' id='line_1_14' title="bbox 281 1553 1404 1638; baseline 0.002 -22"><span class='ocrx_word' id='word_1_105' title='bbox 281 1574 354 1617; x_wconf 91' lang='lat' dir='ltr'>nem</span> <span class='ocrx_word' id='word_1_106' title='bbox 382 1559 508 1618; x_wconf 91' lang='lat' dir='ltr'>tantum</span> <span class='ocrx_word' id='word_1_107' title='bbox 537 1554 643 1618; x_wconf 92' lang='lat' dir='ltr'>cordis</span> <span class='ocrx_word' id='word_1_108' title='bbox 671 1553 856 1637; x_wconf 89' lang='lat' dir='ltr'>quaerebat.</span> <span class='ocrx_word' id='word_1_109' title='bbox 908 1553 946 1618; x_wconf 88' lang='lat' dir='ltr'>In</span> <span class='ocrx_word' id='word_1_110' title='bbox 974 1555 1091 1637; x_wconf 90' lang='lat' dir='ltr'>quibus</span> <span class='ocrx_word' id='word_1_111' title='bbox 1120 1555 1312 1638; x_wconf 81' lang='lat' dir='ltr'>aliquando⁰</span> <span class='ocrx_word' id='word_1_112' title='bbox 1342 1555 1404 1618; x_wconf 94' lang='lat' dir='ltr'>Dei</span> 
     </span>
     <span class='ocr_line' id='line_1_15' title="bbox 281 1638 1403 1723; baseline 0.002 -21"><span class='ocrx_word' id='word_1_113' title='bbox 281 1638 395 1704; x_wconf 90' lang='lat' dir='ltr'>laudat</span> <span class='ocrx_word' id='word_1_114' title='bbox 424 1641 686 1723; x_wconf 85' lang='lat' dir='ltr'>omnipotentiam</span> <span class='ocrx_word' id='word_1_115' title='bbox 716 1646 750 1704; x_wconf 91' lang='lat' dir='ltr'>et</span> <span class='ocrx_word' id='word_1_116' title='bbox 776 1640 942 1721; x_wconf 92' lang='lat' dir='ltr'>indicium,</span> <span class='ocrx_word' id='word_1_117' title='bbox 972 1640 1146 1723; x_wconf 91' lang='lat' dir='ltr'>aliquando</span> <span class='ocrx_word' id='word_1_118' title='bbox 1175 1647 1274 1705; x_wconf 90' lang='lat' dir='ltr'>semet</span> <span class='ocrx_word' id='word_1_119' title='bbox 1299 1641 1403 1723; x_wconf 88' lang='lat' dir='ltr'>ipsum</span> 
     </span>
     <span class='ocr_line' id='line_1_16' title="bbox 282 1726 1403 1810; baseline -0.001 -20"><span class='ocrx_word' id='word_1_120' title='bbox 282 1726 443 1808; x_wconf 84' lang='lat' dir='ltr'>vituperat</span> <span class='ocrx_word' id='word_1_121' title='bbox 465 1732 497 1791; x_wconf 91' lang='lat' dir='ltr'>et</span> <span class='ocrx_word' id='word_1_122' title='bbox 518 1727 675 1809; x_wconf 85' lang='lat' dir='ltr'>increpat;</span> <span class='ocrx_word' id='word_1_123' title='bbox 700 1726 872 1808; x_wconf 91' lang='lat' dir='ltr'>aliquando</span> <span class='ocrx_word' id='word_1_124' title='bbox 895 1733 1033 1807; x_wconf 87' lang='lat' dir='ltr'>sanctos,</span> <span class='ocrx_word' id='word_1_125' title='bbox 1057 1728 1111 1810; x_wconf 91' lang='lat' dir='ltr'>qui</span> <span class='ocrx_word' id='word_1_126' title='bbox 1129 1727 1198 1791; x_wconf 91' lang='lat' dir='ltr'>Deo</span> <span class='ocrx_word' id='word_1_127' title='bbox 1218 1727 1403 1806; x_wconf 90' lang='lat' dir='ltr'>oboediunt,</span> 
     </span>
     <span class='ocr_line' id='line_1_17' title="bbox 281 1810 1403 1895; baseline -0.001 -20"><span class='ocrx_word' id='word_1_128' title='bbox 281 1810 460 1892; x_wconf 89' lang='lat' dir='ltr'>beatificat,</span> <span class='ocrx_word' id='word_1_129' title='bbox 492 1811 665 1894; x_wconf 90' lang='lat' dir='ltr'>aliquando</span> <span class='ocrx_word' id='word_1_130' title='bbox 695 1813 829 1876; x_wconf 91' lang='lat' dir='ltr'>miseros</span> <span class='ocrx_word' id='word_1_131' title='bbox 858 1818 891 1876; x_wconf 91' lang='lat' dir='ltr'>et</span> <span class='ocrx_word' id='word_1_132' title='bbox 918 1818 1103 1895; x_wconf 88' lang='lat' dir='ltr'>peccatores</span> <span class='ocrx_word' id='word_1_133' title='bbox 1131 1812 1228 1895; x_wconf 90' lang='lat' dir='ltr'>luget.</span> <span class='ocrx_word' id='word_1_134' title='bbox 1280 1812 1403 1891; x_wconf 83' lang='lat' dir='ltr'>Quibus</span> 
     </span>
     <span class='ocr_line' id='line_1_18' title="bbox 283 1897 1404 1981; baseline 0.002 -21"><span class='ocrx_word' id='word_1_135' title='bbox 283 1897 431 1961; x_wconf 91' lang='lat' dir='ltr'>omnibus</span> <span class='ocrx_word' id='word_1_136' title='bbox 453 1903 554 1962; x_wconf 88' lang='lat' dir='ltr'>semet</span> <span class='ocrx_word' id='word_1_137' title='bbox 575 1899 678 1980; x_wconf 91' lang='lat' dir='ltr'>ipsum</span> <span class='ocrx_word' id='word_1_138' title='bbox 703 1919 828 1981; x_wconf 88' lang='lat' dir='ltr'>semper</span> <span class='ocrx_word' id='word_1_139' title='bbox 850 1897 1041 1962; x_wconf 88' lang='lat' dir='ltr'>deteriorem</span> <span class='ocrx_word' id='word_1_140' title='bbox 1063 1898 1199 1963; x_wconf 89' lang='lat' dir='ltr'>dicebat.</span> <span class='ocrx_word' id='word_1_141' title='bbox 1245 1898 1334 1974; x_wconf 82' lang='lat' dir='ltr'>Quae</span> <span class='ocrx_word' id='word_1_142' title='bbox 1354 1903 1404 1962; x_wconf 86' lang='lat' dir='ltr'>ta-</span> 
     </span>
     <span class='ocr_line' id='line_1_19' title="bbox 281 1982 1403 2067; baseline 0.002 -21"><span class='ocrx_word' id='word_1_143' title='bbox 281 2003 366 2063; x_wconf 90' lang='lat' dir='ltr'>men,</span> <span class='ocrx_word' id='word_1_144' title='bbox 395 1982 468 2047; x_wconf 89' lang='lat' dir='ltr'>aliis</span> <span class='ocrx_word' id='word_1_145' title='bbox 499 2004 570 2046; x_wconf 90' lang='lat' dir='ltr'>cum</span> <span class='ocrx_word' id='word_1_146' title='bbox 600 2005 637 2048; x_wconf 92' lang='lat' dir='ltr'>eo</span> <span class='ocrx_word' id='word_1_147' title='bbox 665 1983 806 2066; x_wconf 90' lang='lat' dir='ltr'>psalmos</span> <span class='ocrx_word' id='word_1_148' title='bbox 834 1983 1036 2064; x_wconf 83' lang='lat' dir='ltr'>canentibus,</span> <span class='ocrx_word' id='word_1_149' title='bbox 1066 1983 1157 2049; x_wconf 92' lang='lat' dir='ltr'>finito</span> <span class='ocrx_word' id='word_1_150' title='bbox 1182 1984 1306 2067; x_wconf 88' lang='lat' dir='ltr'>psalmo</span> <span class='ocrx_word' id='word_1_151' title='bbox 1333 1985 1403 2067; x_wconf 89' lang='lat' dir='ltr'>ipse</span> 
     </span>
     <span class='ocr_line' id='line_1_20' title="bbox 282 2068 1403 2149; baseline 0.001 -17"><span class='ocrx_word' id='word_1_152' title='bbox 282 2068 369 2132; x_wconf 91' lang='lat' dir='ltr'>solus</span> <span class='ocrx_word' id='word_1_153' title='bbox 399 2069 497 2134; x_wconf 89' lang='lat' dir='ltr'>tacite</span> <span class='ocrx_word' id='word_1_154' title='bbox 522 2069 687 2134; x_wconf 89' lang='lat' dir='ltr'>ruminare</span> <span class='ocrx_word' id='word_1_155' title='bbox 714 2068 853 2149; x_wconf 80' lang='lat' dir='ltr'>solebat,</span> <span class='ocrx_word' id='word_1_156' title='bbox 882 2091 940 2134; x_wconf 92' lang='lat' dir='ltr'>nec</span> <span class='ocrx_word' id='word_1_157' title='bbox 967 2069 1025 2134; x_wconf 92' lang='lat' dir='ltr'>ulli</span> <span class='ocrx_word' id='word_1_158' title='bbox 1051 2091 1090 2134; x_wconf 89' lang='lat' dir='ltr'>ca</span> <span class='ocrx_word' id='word_1_159' title='bbox 1116 2069 1323 2135; x_wconf 87' lang='lat' dir='ltr'>manifestare</span> <span class='ocrx_word' id='word_1_160' title='bbox 1349 2090 1403 2133; x_wconf 81' lang='lat' dir='ltr'>vo-</span> 
     </span>
     <span class='ocr_line' id='line_1_21' title="bbox 280 2153 1402 2237; baseline 0.001 -19"><span class='ocrx_word' id='word_1_161' title='bbox 280 2153 376 2218; x_wconf 89' lang='lat' dir='ltr'>lebat.</span> <span class='ocrx_word' id='word_1_162' title='bbox 424 2153 562 2231; x_wconf 81' lang='lat' dir='ltr'>Quidam</span> <span class='ocrx_word' id='word_1_163' title='bbox 583 2161 692 2220; x_wconf 87' lang='lat' dir='ltr'>tamen</span> <span class='ocrx_word' id='word_1_164' title='bbox 713 2161 874 2235; x_wconf 91' lang='lat' dir='ltr'>nostrum,</span> <span class='ocrx_word' id='word_1_165' title='bbox 902 2157 958 2237; x_wconf 91' lang='lat' dir='ltr'>qui</span> <span class='ocrx_word' id='word_1_166' title='bbox 979 2157 1009 2219; x_wconf 93' lang='lat' dir='ltr'>ei</span> <span class='ocrx_word' id='word_1_167' title='bbox 1031 2155 1300 2221; x_wconf 80' lang='lat' dir='ltr'>familiarissimus</span> <span class='ocrx_word' id='word_1_168' title='bbox 1323 2161 1402 2234; x_wconf 89' lang='lat' dir='ltr'>erat,</span> 
     </span>
     <span class='ocr_line' id='line_1_22' title="bbox 281 2241 1401 2325; baseline 0.001 -21"><span class='ocrx_word' id='word_1_169' title='bbox 281 2261 398 2322; x_wconf 90' lang='lat' dir='ltr'>magna</span> <span class='ocrx_word' id='word_1_170' title='bbox 422 2241 454 2304; x_wconf 89' lang='lat' dir='ltr'>vi</span> <span class='ocrx_word' id='word_1_171' title='bbox 479 2261 612 2323; x_wconf 88' lang='lat' dir='ltr'>precum</span> <span class='ocrx_word' id='word_1_172' title='bbox 638 2243 690 2306; x_wconf 83' lang='lat' dir='ltr'>vix</span> <span class='ocrx_word' id='word_1_173' title='bbox 716 2241 757 2305; x_wconf 89' lang='lat' dir='ltr'>ab</span> <span class='ocrx_word' id='word_1_174' title='bbox 786 2262 823 2305; x_wconf 93' lang='lat' dir='ltr'>eo</span> <span class='ocrx_word' id='word_1_175' title='bbox 847 2241 999 2322; x_wconf 88' lang='lat' dir='ltr'>obtinuit,</span> <span class='ocrx_word' id='word_1_176' title='bbox 1027 2248 1064 2306; x_wconf 92' lang='lat' dir='ltr'>ut</span> <span class='ocrx_word' id='word_1_177' title='bbox 1086 2243 1115 2306; x_wconf 93' lang='lat' dir='ltr'>ei</span> <span class='ocrx_word' id='word_1_178' title='bbox 1137 2244 1207 2325; x_wconf 92' lang='lat' dir='ltr'>ipsa</span> <span class='ocrx_word' id='word_1_179' title='bbox 1228 2243 1401 2324; x_wconf 90' lang='lat' dir='ltr'>pigmenta,</span> 
     </span>
     <span class='ocr_line' id='line_1_23' title="bbox 281 2326 1403 2409; baseline 0.002 -20"><span class='ocrx_word' id='word_1_180' title='bbox 281 2327 365 2390; x_wconf 90' lang='lat' dir='ltr'>siout</span> <span class='ocrx_word' id='word_1_181' title='bbox 392 2326 447 2390; x_wconf 93' lang='lat' dir='ltr'>ille</span> <span class='ocrx_word' id='word_1_182' title='bbox 474 2332 604 2391; x_wconf 90' lang='lat' dir='ltr'>cantare</span> <span class='ocrx_word' id='word_1_183' title='bbox 632 2326 744 2392; x_wconf 92' lang='lat' dir='ltr'>solitus</span> <span class='ocrx_word' id='word_1_184' title='bbox 772 2333 854 2406; x_wconf 89' lang='lat' dir='ltr'>erat,</span> <span class='ocrx_word' id='word_1_185' title='bbox 884 2327 1030 2395; x_wconf 90' lang='lat' dir='ltr'>dictaret.</span> <span class='ocrx_word' id='word_1_186' title='bbox 1084 2326 1172 2404; x_wconf 82' lang='lat' dir='ltr'>Quae</span> <span class='ocrx_word' id='word_1_187' title='bbox 1200 2333 1307 2392; x_wconf 90' lang='lat' dir='ltr'>tamen</span> <span class='ocrx_word' id='word_1_188' title='bbox 1333 2328 1403 2409; x_wconf 89' lang='lat' dir='ltr'>ipse</span> 
     </span>
     <span class='ocr_line' id='line_1_24' title="bbox 283 2412 1403 2496; baseline 0.001 -21"><span class='ocrx_word' id='word_1_189' title='bbox 283 2413 464 2495; x_wconf 88' lang='lat' dir='ltr'>conscripta</span> <span class='ocrx_word' id='word_1_190' title='bbox 485 2413 609 2476; x_wconf 84' lang='lat' dir='ltr'>vivente</span> <span class='ocrx_word' id='word_1_191' title='bbox 631 2434 669 2477; x_wconf 89' lang='lat' dir='ltr'>eo</span> <span class='ocrx_word' id='word_1_192' title='bbox 691 2413 819 2484; x_wconf 45' lang='lat' dir='ltr'>nemini.</span> <span class='ocrx_word' id='word_1_193' title='bbox 833 2414 986 2494; x_wconf 91' lang='lat' dir='ltr'>innotuit,</span> <span class='ocrx_word' id='word_1_194' title='bbox 1014 2412 1070 2477; x_wconf 92' lang='lat' dir='ltr'>sed</span> <span class='ocrx_word' id='word_1_195' title='bbox 1091 2419 1166 2496; x_wconf 89' lang='lat' dir='ltr'>post</span> <span class='ocrx_word' id='word_1_196' title='bbox 1188 2414 1312 2478; x_wconf 89' lang='lat' dir='ltr'>obitum</span> <span class='ocrx_word' id='word_1_197' title='bbox 1335 2414 1403 2476; x_wconf 90' lang='lat' dir='ltr'>eius</span> 
     </span>
     <span class='ocr_line' id='line_1_25' title="bbox 281 2496 1403 2583; baseline 0.002 -23"><span class='ocrx_word' id='word_1_198' title='bbox 281 2496 460 2580; x_wconf 87' lang='lat' dir='ltr'>quibusque</span> <span class='ocrx_word' id='word_1_199' title='bbox 480 2499 586 2581; x_wconf 90' lang='lat' dir='ltr'>legere</span> <span class='ocrx_word' id='word_1_200' title='bbox 607 2499 788 2564; x_wconf 86' lang='lat' dir='ltr'>volentibus</span> <span class='ocrx_word' id='word_1_201' title='bbox 808 2498 954 2563; x_wconf 89' lang='lat' dir='ltr'>exhibuit</span> <span class='ocrx_word' id='word_1_202' title='bbox 965 2499 984 2564; x_wconf 86' lang='lat'>¹.</span> <span class='ocrx_word' id='word_1_203' title='bbox 1030 2497 1118 2563; x_wconf 91' lang='lat' dir='ltr'>Inter</span> <span class='ocrx_word' id='word_1_204' title='bbox 1135 2500 1277 2583; x_wconf 88' lang='lat' dir='ltr'>psalmos</span> <span class='ocrx_word' id='word_1_205' title='bbox 1295 2505 1403 2564; x_wconf 88' lang='lat' dir='ltr'>autem</span> 
     </span>
     <span class='ocr_line' id='line_1_26' title="bbox 282 2583 1401 2668; baseline 0.004 -22"><span class='ocrx_word' id='word_1_206' title='bbox 282 2583 476 2647; x_wconf 88' lang='lat' dir='ltr'>cantandum</span> <span class='ocrx_word' id='word_1_207' title='bbox 503 2584 686 2668; x_wconf 83' lang='lat' dir='ltr'>frequenter</span> <span class='ocrx_word' id='word_1_208' title='bbox 713 2585 809 2648; x_wconf 90' lang='lat' dir='ltr'>etiam</span> <span class='ocrx_word' id='word_1_209' title='bbox 837 2584 983 2649; x_wconf 90' lang='lat' dir='ltr'>manibus</span> <span class='ocrx_word' id='word_1_210' title='bbox 1012 2586 1157 2667; x_wconf 84' lang='lat' dir='ltr'>operarid</span> <span class='ocrx_word' id='word_1_211' title='bbox 1182 2585 1295 2649; x_wconf 90' lang='lat' dir='ltr'>solitus</span> <span class='ocrx_word' id='word_1_212' title='bbox 1322 2590 1401 2650; x_wconf 89' lang='lat' dir='ltr'>erat.</span> 
     </span>
     <span class='ocr_line' id='line_1_27' title="bbox 280 2669 1403 2754; baseline 0 -22"><span class='ocrx_word' id='word_1_213' title='bbox 280 2669 362 2733; x_wconf 89' lang='lat' dir='ltr'>Nam</span> <span class='ocrx_word' id='word_1_214' title='bbox 390 2669 440 2733; x_wconf 89' lang='lat' dir='ltr'>his</span> <span class='ocrx_word' id='word_1_215' title='bbox 463 2669 663 2753; x_wconf 90' lang='lat' dir='ltr'>temporibus</span> <span class='ocrx_word' id='word_1_216' title='bbox 685 2677 753 2734; x_wconf 92' lang='lat' dir='ltr'>rete</span> <span class='ocrx_word' id='word_1_217' title='bbox 776 2670 979 2752; x_wconf 86' lang='lat' dir='ltr'>operabatur.</span> <span class='ocrx_word' id='word_1_218' title='bbox 1029 2669 1097 2735; x_wconf 79' lang='lat' dir='ltr'>Dc⁸</span> <span class='ocrx_word' id='word_1_219' title='bbox 1120 2671 1199 2754; x_wconf 91' lang='lat' dir='ltr'>ipsis</span> <span class='ocrx_word' id='word_1_220' title='bbox 1221 2691 1295 2735; x_wconf 89' lang='lat' dir='ltr'>vero</span> <span class='ocrx_word' id='word_1_221' title='bbox 1317 2670 1403 2754; x_wconf 88' lang='lat' dir='ltr'>psal-</span> 
     </span>
     <span class='ocr_line' id='line_1_28' title="bbox 280 2755 1402 2838; baseline 0.001 -20"><span class='ocrx_word' id='word_1_222' title='bbox 280 2756 340 2819; x_wconf 90' lang='lat' dir='ltr'>mis</span> <span class='ocrx_word' id='word_1_223' title='bbox 363 2755 554 2838; x_wconf 88' lang='lat' dir='ltr'>dispositum</span> <span class='ocrx_word' id='word_1_224' title='bbox 577 2756 701 2837; x_wconf 88' lang='lat' dir='ltr'>habuit,</span> <span class='ocrx_word' id='word_1_225' title='bbox 724 2777 803 2838; x_wconf 91' lang='lat' dir='ltr'>quos</span> <span class='ocrx_word' id='word_1_226' title='bbox 826 2757 860 2819; x_wconf 91' lang='lat' dir='ltr'>in</span> <span class='ocrx_word' id='word_1_227' title='bbox 881 2762 985 2837; x_wconf 88' lang='lat' dir='ltr'>nocte,</span> <span class='ocrx_word' id='word_1_228' title='bbox 1013 2777 1093 2838; x_wconf 92' lang='lat' dir='ltr'>qnos</span> <span class='ocrx_word' id='word_1_229' title='bbox 1116 2757 1149 2820; x_wconf 92' lang='lat' dir='ltr'>in</span> <span class='ocrx_word' id='word_1_230' title='bbox 1172 2756 1224 2822; x_wconf 93' lang='lat' dir='ltr'>die</span> <span class='ocrx_word' id='word_1_231' title='bbox 1247 2762 1402 2836; x_wconf 89' lang='lat' dir='ltr'>cantaret,</span> 
     </span>
     <span class='ocr_line' id='line_1_29' title="bbox 279 2841 1403 2925; baseline 0 -21"><span class='ocrx_word' id='word_1_232' title='bbox 279 2862 359 2923; x_wconf 92' lang='lat' dir='ltr'>quos</span> <span class='ocrx_word' id='word_1_233' title='bbox 393 2841 469 2905; x_wconf 92' lang='lat' dir='ltr'>dum</span> <span class='ocrx_word' id='word_1_234' title='bbox 502 2863 536 2906; x_wconf 94' lang='lat' dir='ltr'>se</span> <span class='ocrx_word' id='word_1_235' title='bbox 568 2841 611 2905; x_wconf 88' lang='lat' dir='ltr'>ad</span> <span class='ocrx_word' id='word_1_236' title='bbox 641 2843 773 2907; x_wconf 89' lang='lat' dir='ltr'>missam</span> <span class='ocrx_word' id='word_1_237' title='bbox 804 2841 996 2907; x_wconf 89' lang='lat' dir='ltr'>cantandam</span> <span class='ocrx_word' id='word_1_238' title='bbox 1026 2842 1177 2925; x_wconf 89' lang='lat' dir='ltr'>parabat,</span> <span class='ocrx_word' id='word_1_239' title='bbox 1214 2863 1294 2925; x_wconf 90' lang='lat' dir='ltr'>quos</span> <span class='ocrx_word' id='word_1_240' title='bbox 1327 2842 1403 2906; x_wconf 91' lang='lat' dir='ltr'>dum</span> 
     </span>
     <span class='ocr_line' id='line_1_30' title="bbox 279 2927 1403 2993; baseline -0.001 -2"><span class='ocrx_word' id='word_1_241' title='bbox 279 2929 397 2991; x_wconf 90' lang='lat' dir='ltr'>iterum</span> <span class='ocrx_word' id='word_1_242' title='bbox 418 2927 623 2992; x_wconf 86' lang='lat' dir='ltr'>discalciatus</span> <span class='ocrx_word' id='word_1_243' title='bbox 643 2927 685 2992; x_wconf 89' lang='lat' dir='ltr'>ad</span> <span class='ocrx_word' id='word_1_244' title='bbox 702 2927 821 2993; x_wconf 91' lang='lat' dir='ltr'>lectum</span> <span class='ocrx_word' id='word_1_245' title='bbox 838 2929 885 2992; x_wconf 94' lang='lat' dir='ltr'>ire</span> <span class='ocrx_word' id='word_1_246' title='bbox 904 2927 1039 2992; x_wconf 88' lang='lat' dir='ltr'>volebat.</span> <span class='ocrx_word' id='word_1_247' title='bbox 1080 2927 1175 2992; x_wconf 90' lang='lat' dir='ltr'>Mane</span> <span class='ocrx_word' id='word_1_248' title='bbox 1195 2934 1303 2992; x_wconf 88' lang='lat' dir='ltr'>autem</span> <span class='ocrx_word' id='word_1_249' title='bbox 1321 2949 1403 2992; x_wconf 91' lang='lat' dir='ltr'>sem-</span> 
     </span>
     <span class='ocr_line' id='line_1_31' title="bbox 279 3013 1403 3096; baseline 0 -19"><span class='ocrx_word' id='word_1_250' title='bbox 279 3034 337 3096; x_wconf 90' lang='lat' dir='ltr'>per</span> <span class='ocrx_word' id='word_1_251' title='bbox 359 3013 488 3096; x_wconf 91' lang='lat' dir='ltr'>quando</span> <span class='ocrx_word' id='word_1_252' title='bbox 512 3035 546 3078; x_wconf 90' lang='lat' dir='ltr'>se</span> <span class='ocrx_word' id='word_1_253' title='bbox 568 3014 729 3079; x_wconf 90' lang='lat' dir='ltr'>calciabat</span> <span class='ocrx_word' id='word_1_254' title='bbox 751 3020 784 3078; x_wconf 90' lang='lat' dir='ltr'>et</span> <span class='ocrx_word' id='word_1_255' title='bbox 803 3013 950 3078; x_wconf 78' lang='lat' dir='ltr'>lavabatf</span> <span class='ocrx_word' id='word_1_256' title='bbox 974 3013 1148 3078; x_wconf 89' lang='lat' dir='ltr'>laetaniam</span> <span class='ocrx_word' id='word_1_257' title='bbox 1172 3014 1340 3094; x_wconf 89' lang='lat' dir='ltr'>cantabat,</span> <span class='ocrx_word' id='word_1_258' title='bbox 1370 3019 1403 3077; x_wconf 90' lang='lat' dir='ltr'>et</span> 
     </span>
     <span class='ocr_line' id='line_1_32' title="bbox 280 3097 1403 3183; baseline 0 -21"><span class='ocrx_word' id='word_1_259' title='bbox 280 3099 325 3162; x_wconf 90' lang='lat' dir='ltr'>sic</span> <span class='ocrx_word' id='word_1_260' title='bbox 354 3097 396 3163; x_wconf 90' lang='lat' dir='ltr'>ad</span> <span class='ocrx_word' id='word_1_261' title='bbox 425 3100 592 3164; x_wconf 88' lang='lat' dir='ltr'>ecclesiam</span> <span class='ocrx_word' id='word_1_262' title='bbox 620 3099 798 3183; x_wconf 80' lang='lat' dir='ltr'>profectus,</span> <span class='ocrx_word' id='word_1_263' title='bbox 827 3105 893 3164; x_wconf 89' lang='lat' dir='ltr'>tres</span> <span class='ocrx_word' id='word_1_264' title='bbox 922 3106 980 3164; x_wconf 91' lang='lat' dir='ltr'>aut</span> <span class='ocrx_word' id='word_1_265' title='bbox 1007 3105 1162 3182; x_wconf 90' lang='lat' dir='ltr'>quattuor</span> <span class='ocrx_word' id='word_1_266' title='bbox 1190 3101 1305 3164; x_wconf 87' lang='lat' dir='ltr'>missas</span> <span class='ocrx_word' id='word_1_267' title='bbox 1334 3102 1403 3181; x_wconf 92' lang='lat' dir='ltr'>ipse</span> 
     </span>
     <span class='ocr_line' id='line_1_33' title="bbox 177 3183 1403 3269; baseline -0.002 -18"><span class='ocrx_word' id='word_1_268' title='bbox 177 3201 267 3251; x_wconf 71' lang='lat' dir='ltr'>*nus</span> <span class='ocrx_word' id='word_1_269' title='bbox 282 3189 392 3247; x_wconf 88' lang='lat' dir='ltr'>astans</span> <span class='ocrx_word' id='word_1_270' title='bbox 415 3190 447 3249; x_wconf 92' lang='lat' dir='ltr'>et</span> <span class='ocrx_word' id='word_1_271' title='bbox 469 3183 610 3248; x_wconf 90' lang='lat' dir='ltr'>officium</span> <span class='ocrx_word' id='word_1_272' title='bbox 633 3207 731 3269; x_wconf 88' lang='lat' dir='ltr'>agens</span> <span class='ocrx_word' id='word_1_273' title='bbox 753 3185 909 3250; x_wconf 89' lang='lat' dir='ltr'>celebrari</span> <span class='ocrx_word' id='word_1_274' title='bbox 931 3185 1080 3250; x_wconf 85' lang='lat' dir='ltr'>faciebat.</span> <span class='ocrx_word' id='word_1_275' title='bbox 1126 3185 1272 3250; x_wconf 79' lang='lat' dir='ltr'>*Statuto</span> <span class='ocrx_word' id='word_1_276' title='bbox 1295 3192 1403 3249; x_wconf 89' lang='lat' dir='ltr'>tamen</span> 
     </span>
     <span class='ocr_line' id='line_1_34' title="bbox 278 3268 1402 3354; baseline 0.003 -23"><span class='ocrx_word' id='word_1_277' title='bbox 278 3268 421 3351; x_wconf 90' lang='lat' dir='ltr'>legitimo</span> <span class='ocrx_word' id='word_1_278' title='bbox 444 3276 588 3353; x_wconf 89' lang='lat' dir='ltr'>tempore</span> <span class='ocrx_word' id='word_1_279' title='bbox 609 3272 643 3334; x_wconf 90' lang='lat' dir='ltr'>in</span> <span class='ocrx_word' id='word_1_280' title='bbox 666 3270 717 3336; x_wconf 91' lang='lat' dir='ltr'>die</span> <span class='ocrx_word' id='word_1_281' title='bbox 738 3271 902 3354; x_wconf 86' lang='lat' dir='ltr'>publicam</span> <span class='ocrx_word' id='word_1_282' title='bbox 923 3272 1065 3352; x_wconf 89' lang='lat' dir='ltr'>missam,</span> <span class='ocrx_word' id='word_1_283' title='bbox 1087 3272 1150 3335; x_wconf 91' lang='lat' dir='ltr'>nisi</span> <span class='ocrx_word' id='word_1_284' title='bbox 1173 3270 1283 3354; x_wconf 88' lang='lat' dir='ltr'>aliqua</span> <span class='ocrx_word' id='word_1_285' title='bbox 1305 3272 1334 3335; x_wconf 92' lang='lat' dir='ltr'>ei</span> <span class='ocrx_word' id='word_1_286' title='bbox 1355 3273 1402 3334; x_wconf 93' lang='lat' dir='ltr'>in-</span> 
     </span>
     <span class='ocr_line' id='line_1_35' title="bbox 280 3354 1400 3439; baseline 0.001 -21"><span class='ocrx_word' id='word_1_287' title='bbox 280 3354 490 3420; x_wconf 88' lang='lat' dir='ltr'>commoditas</span> <span class='ocrx_word' id='word_1_288' title='bbox 522 3356 706 3437; x_wconf 88' lang='lat' dir='ltr'>accidisset,</span> <span class='ocrx_word' id='word_1_289' title='bbox 737 3358 806 3439; x_wconf 89' lang='lat' dir='ltr'>ipse</span> <span class='ocrx_word' id='word_1_290' title='bbox 838 3357 1004 3436; x_wconf 80' lang='lat' dir='ltr'>cantabat3</span> <span class='ocrx_word' id='word_1_291' title='bbox 1039 3358 1088 3421; x_wconf 88' lang='lat' dir='ltr'>sin</span> <span class='ocrx_word' id='word_1_292' title='bbox 1115 3378 1205 3437; x_wconf 89' lang='lat' dir='ltr'>vero,</span> <span class='ocrx_word' id='word_1_293' title='bbox 1238 3356 1400 3421; x_wconf 86' lang='lat' dir='ltr'>audiebat.</span> 
     </span>
     <span class='ocr_line' id='line_1_36' title="bbox 280 3439 1402 3525; baseline 0.001 -22"><span class='ocrx_word' id='word_1_294' title='bbox 280 3439 344 3503; x_wconf 68' lang='grc' dir='ltr'>ΙῐιΕ</span> <span class='ocrx_word' id='word_1_295' title='bbox 361 3441 542 3506; x_wconf 88' lang='lat' dir='ltr'>elemosinis</span> <span class='ocrx_word' id='word_1_296' title='bbox 569 3463 644 3507; x_wconf 86' lang='lat' dir='ltr'>vero</span> <span class='ocrx_word' id='word_1_297' title='bbox 667 3442 781 3507; x_wconf 91' lang='lat' dir='ltr'>dandis</span> <span class='ocrx_word' id='word_1_298' title='bbox 804 3464 900 3525; x_wconf 90' lang='lat' dir='ltr'>quam</span> <span class='ocrx_word' id='word_1_299' title='bbox 922 3443 1169 3508; x_wconf 87' lang='lat' dir='ltr'>liberalissimus</span> <span class='ocrx_word' id='word_1_300' title='bbox 1191 3443 1303 3524; x_wconf 79' lang='lat' dir='ltr'>fuerit,</span> <span class='ocrx_word' id='word_1_301' title='bbox 1330 3443 1402 3524; x_wconf 92' lang='lat' dir='ltr'>quis</span> 
     </span>
     <span class='ocr_line' id='line_1_37' title="bbox 280 3527 1402 3612; baseline 0.002 -23"><span class='ocrx_word' id='word_1_302' title='bbox 280 3547 431 3592; x_wconf 89' lang='lat' dir='ltr'>enarrare</span> <span class='ocrx_word' id='word_1_303' title='bbox 451 3529 579 3610; x_wconf 89' lang='lat' dir='ltr'>poterit,</span> <span class='ocrx_word' id='word_1_304' title='bbox 605 3550 676 3593; x_wconf 92' lang='lat' dir='ltr'>cum</span> <span class='ocrx_word' id='word_1_305' title='bbox 699 3529 807 3592; x_wconf 90' lang='lat' dir='ltr'>omnia</span> <span class='ocrx_word' id='word_1_306' title='bbox 826 3550 908 3612; x_wconf 89' lang='lat' dir='ltr'>quae</span> <span class='ocrx_word' id='word_1_307' title='bbox 931 3528 1074 3594; x_wconf 90' lang='lat' dir='ltr'>habebat</span> <span class='ocrx_word' id='word_1_308' title='bbox 1094 3531 1127 3593; x_wconf 93' lang='lat' dir='ltr'>in</span> <span class='ocrx_word' id='word_1_309' title='bbox 1145 3528 1275 3593; x_wconf 90' lang='lat' dir='ltr'>Domini</span> <span class='ocrx_word' id='word_1_310' title='bbox 1292 3527 1402 3592; x_wconf 85' lang='lat' dir='ltr'>volun-</span> 
     </span>
     <span class='ocr_line' id='line_1_38' title="bbox 279 3613 1402 3697; baseline 0 -21"><span class='ocrx_word' id='word_1_311' title='bbox 279 3617 346 3676; x_wconf 90' lang='lat' dir='ltr'>tate</span> <span class='ocrx_word' id='word_1_312' title='bbox 373 3615 597 3678; x_wconf 86' lang='lat' dir='ltr'>necessitatem</span> <span class='ocrx_word' id='word_1_313' title='bbox 623 3615 821 3697; x_wconf 87' lang='lat' dir='ltr'>patientibus</span> <span class='ocrx_word' id='word_1_314' title='bbox 844 3615 1089 3680; x_wconf 88' lang='lat' dir='ltr'>subministrare</span> <span class='ocrx_word' id='word_1_315' title='bbox 1113 3615 1284 3697; x_wconf 76' lang='lat' dir='ltr'>cupiebat?</span> <span class='ocrx_word' id='word_1_316' title='bbox 1324 3613 1402 3677; x_wconf 91' lang='lat' dir='ltr'>Ubi-</span> 
     </span>
     <span class='ocr_line' id='line_1_39' title="bbox 280 3700 1402 3784; baseline 0.001 -23"><span class='ocrx_word' id='word_1_317' title='bbox 280 3719 414 3781; x_wconf 85' lang='lat' dir='ltr'>cumque</span> <span class='ocrx_word' id='word_1_318' title='bbox 448 3700 532 3763; x_wconf 91' lang='lat' dir='ltr'>enim</span> <span class='ocrx_word' id='word_1_319' title='bbox 565 3701 704 3782; x_wconf 89' lang='lat' dir='ltr'>aliquem</span> <span class='ocrx_word' id='word_1_320' title='bbox 735 3702 769 3764; x_wconf 92' lang='lat' dir='ltr'>in</span> <span class='ocrx_word' id='word_1_321' title='bbox 799 3701 990 3765; x_wconf 88' lang='lat' dir='ltr'>necessitate</span> <span class='ocrx_word' id='word_1_322' title='bbox 1019 3702 1161 3784; x_wconf 92' lang='lat' dir='ltr'>positum</span> <span class='ocrx_word' id='word_1_323' title='bbox 1192 3700 1328 3780; x_wconf 88' lang='lat' dir='ltr'>sciebat,</span> <span class='ocrx_word' id='word_1_324' title='bbox 1363 3720 1402 3763; x_wconf 88' lang='lat' dir='ltr'>ex</span> 
     </span>
     <span class='ocr_line' id='line_1_40' title="bbox 279 3785 1402 3870; baseline 0 -24"><span class='ocrx_word' id='word_1_325' title='bbox 279 3790 399 3865; x_wconf 89' lang='lat' dir='ltr'>quanto</span> <span class='ocrx_word' id='word_1_326' title='bbox 425 3791 553 3868; x_wconf 88' lang='lat' dir='ltr'>poterat</span> <span class='ocrx_word' id='word_1_327' title='bbox 579 3807 651 3850; x_wconf 91' lang='lat' dir='ltr'>eum</span> <span class='ocrx_word' id='word_1_328' title='bbox 678 3785 831 3850; x_wconf 91' lang='lat' dir='ltr'>adiuvare</span> <span class='ocrx_word' id='word_1_329' title='bbox 858 3787 1034 3870; x_wconf 89' lang='lat' dir='ltr'>satagebat.</span> <span class='ocrx_word' id='word_1_330' title='bbox 1085 3786 1127 3850; x_wconf 87' lang='lat' dir='ltr'>Et</span> <span class='ocrx_word' id='word_1_331' title='bbox 1152 3807 1216 3850; x_wconf 93' lang='lat' dir='ltr'>non</span> <span class='ocrx_word' id='word_1_332' title='bbox 1245 3786 1346 3850; x_wconf 91' lang='lat' dir='ltr'>solum</span> <span class='ocrx_word' id='word_1_333' title='bbox 1368 3785 1402 3847; x_wconf 93' lang='lat' dir='ltr'>in</span> 
     </span>
     <span class='ocr_line' id='line_1_41' title="bbox 278 3870 1401 3955; baseline 0 -23"><span class='ocrx_word' id='word_1_334' title='bbox 278 3871 411 3952; x_wconf 89' lang='lat' dir='ltr'>propria</span> <span class='ocrx_word' id='word_1_335' title='bbox 447 3871 653 3954; x_wconf 90' lang='lat' dir='ltr'>parroechia,</span> <span class='ocrx_word' id='word_1_336' title='bbox 694 3871 751 3936; x_wconf 92' lang='lat' dir='ltr'>sed</span> <span class='ocrx_word' id='word_1_337' title='bbox 790 3872 887 3936; x_wconf 88' lang='lat' dir='ltr'>etiam</span> <span class='ocrx_word' id='word_1_338' title='bbox 926 3873 959 3936; x_wconf 91' lang='lat' dir='ltr'>in</span> <span class='ocrx_word' id='word_1_339' title='bbox 999 3871 1181 3955; x_wconf 85' lang='lat' dir='ltr'>longinquis</span> <span class='ocrx_word' id='word_1_340' title='bbox 1216 3870 1401 3953; x_wconf 90' lang='lat' dir='ltr'>regionibus</span> 
     </span>
     <span class='ocr_line' id='line_1_42' title="bbox 279 4032 1402 4085; baseline -0.001 -12"><span class='ocrx_word' id='word_1_341' title='bbox 279 4032 388 4084; x_wconf 78' lang='lat' dir='ltr'>s)acoum</span> <span class='ocrx_word' id='word_1_342' title='bbox 400 4046 446 4083; x_wconf 76' lang='lat' dir='ltr'>cap.</span> <span class='ocrx_word' id='word_1_343' title='bbox 461 4032 505 4085; x_wconf 81' lang='lat'><strong>(85)</strong></span> <span class='ocrx_word' id='word_1_344' title='bbox 519 4035 560 4074; x_wconf 80' lang='lat' dir='ltr'>tac.</span> <span class='ocrx_word' id='word_1_345' title='bbox 575 4033 633 4082; x_wconf 69' lang='lat'>2²33</span> <span class='ocrx_word' id='word_1_346' title='bbox 646 4035 679 4075; x_wconf 78' lang='lat'>84.</span> <span class='ocrx_word' id='word_1_347' title='bbox 696 4035 786 4076; x_wconf 69' lang='lat' dir='ltr'>Gadda</span> <span class='ocrx_word' id='word_1_348' title='bbox 878 4035 901 4084; x_wconf 89' lang='lat' dir='ltr'>b)</span> <span class='ocrx_word' id='word_1_349' title='bbox 914 4037 1025 4085; x_wconf 76' lang='lat' dir='ltr'>pigmenta</span> <span class='ocrx_word' id='word_1_350' title='bbox 1039 4037 1065 4075; x_wconf 90' lang='grc' dir='ltr'>Β.</span> <span class='ocrx_word' id='word_1_351' title='bbox 1157 4036 1178 4084; x_wconf 90' lang='lat' dir='ltr'>c)</span> <span class='ocrx_word' id='word_1_352' title='bbox 1191 4035 1245 4082; x_wconf 71' lang='lat' dir='ltr'>sliq.</span> <span class='ocrx_word' id='word_1_353' title='bbox 1260 4055 1285 4062; x_wconf 93' lang='lat'><em>-</em></span> <span class='ocrx_word' id='word_1_354' title='bbox 1298 4034 1402 4073; x_wconf 82' lang='lat' dir='ltr'>indicium</span> 
     </span>
    </p>
   </div>
   <div class='ocr_carea' id='block_1_3' title="bbox 278 4084 1402 4189">
    <p class='ocr_par' dir='ltr' id='par_1_3' title="bbox 278 4084 1402 4189">
     <span class='ocr_line' id='line_1_43' title="bbox 278 4084 1402 4138; baseline 0 -14"><span class='ocrx_word' id='word_1_355' title='bbox 278 4085 389 4126; x_wconf 64' lang='lat' dir='ltr'>dcam</span> <span class='ocrx_word' id='word_1_356' title='bbox 429 4084 452 4136; x_wconf 84' lang='lat' dir='ltr'>d)</span> <span class='ocrx_word' id='word_1_357' title='bbox 466 4098 485 4126; x_wconf 91' lang='lat' dir='ltr'>o.</span> <span class='ocrx_word' id='word_1_358' title='bbox 500 4097 518 4126; x_wconf 84' lang='lat' dir='ltr'>s.</span> <span class='ocrx_word' id='word_1_359' title='bbox 532 4088 556 4126; x_wconf 78' lang='lat' dir='ltr'>ta</span> <span class='ocrx_word' id='word_1_360' title='bbox 569 4088 612 4125; x_wconf 82' lang='lat' dir='ltr'>loco</span> <span class='ocrx_word' id='word_1_361' title='bbox 625 4098 673 4126; x_wconf 82' lang='lat' dir='ltr'>raso</span> <span class='ocrx_word' id='word_1_362' title='bbox 686 4090 705 4127; x_wconf 94' lang='lat'>1.</span> <span class='ocrx_word' id='word_1_363' title='bbox 746 4086 767 4137; x_wconf 86' lang='lat' dir='ltr'>a)</span> <span class='ocrx_word' id='word_1_364' title='bbox 780 4097 856 4126; x_wconf 71' lang='lat' dir='ltr'>novum</span> <span class='ocrx_word' id='word_1_365' title='bbox 869 4099 916 4137; x_wconf 79' lang='lat' dir='ltr'>cop.</span> <span class='ocrx_word' id='word_1_366' title='bbox 931 4085 977 4138; x_wconf 85' lang='grc'>(86)</span> <span class='ocrx_word' id='word_1_367' title='bbox 987 4085 1098 4137; x_wconf 59' lang='lat' dir='ltr'>trualt&amp;</span> <span class='ocrx_word' id='word_1_368' title='bbox 1111 4087 1144 4126; x_wconf 79' lang='lat'>85.</span> <span class='ocrx_word' id='word_1_369' title='bbox 1161 4087 1251 4127; x_wconf 74' lang='lat' dir='ltr'>Gaaldo.</span> <span class='ocrx_word' id='word_1_370' title='bbox 1291 4086 1402 4136; x_wconf 68' lang='lat' dir='ltr'>omanus</span> 
     </span>
     <span class='ocr_line' id='line_1_44' title="bbox 278 4137 957 4189; baseline 0.003 -14"><span class='ocrx_word' id='word_1_371' title='bbox 278 4138 367 4176; x_wconf 64' lang='lat' dir='ltr'>lavabat</span> <span class='ocrx_word' id='word_1_372' title='bbox 379 4138 399 4177; x_wconf 77' lang='lat'>8.</span> <span class='ocrx_word' id='word_1_373' title='bbox 451 4137 474 4189; x_wconf 75' lang='lat' dir='ltr'>g)</span> <span class='ocrx_word' id='word_1_374' title='bbox 486 4148 561 4178; x_wconf 80' lang='lat' dir='ltr'>novum</span> <span class='ocrx_word' id='word_1_375' title='bbox 574 4149 621 4188; x_wconf 79' lang='lat' dir='ltr'>cap.</span> <span class='ocrx_word' id='word_1_376' title='bbox 635 4138 680 4188; x_wconf 85' lang='lat'>(8&#39;1)</span> <span class='ocrx_word' id='word_1_377' title='bbox 693 4139 734 4178; x_wconf 79' lang='lat' dir='ltr'>icc.</span> <span class='ocrx_word' id='word_1_378' title='bbox 749 4137 804 4188; x_wconf 79' lang='lat'>2?³;</span> <span class='ocrx_word' id='word_1_379' title='bbox 817 4139 850 4179; x_wconf 80' lang='lat' dir='ltr'>st.</span> <span class='ocrx_word' id='word_1_380' title='bbox 867 4138 957 4178; x_wconf 68' lang='lat' dir='ltr'>ciulac.</span> 
     </span>
    </p>
   </div>
   <div class='ocr_carea' id='block_1_4' title="bbox 277 4265 1401 4473">
    <p class='ocr_par' dir='ltr' id='par_1_4' title="bbox 277 4265 1401 4473">
     <span class='ocr_line' id='line_1_45' title="bbox 280 4265 1401 4336; baseline 0.001 -18"><span class='ocrx_word' id='word_1_381' title='bbox 280 4267 305 4331; x_wconf 90' lang='lat'>1)</span> <span class='ocrx_word' id='word_1_382' title='bbox 330 4266 465 4322; x_wconf 70' lang='lat' dir='ltr'>ductarii</span> <span class='ocrx_word' id='word_1_383' title='bbox 486 4265 644 4335; x_wconf 78' lang='lat' dir='ltr'>‘pipmcato&#39;</span> <span class='ocrx_word' id='word_1_384' title='bbox 669 4268 865 4336; x_wconf 75' lang='lat' dir='ltr'>typoqroptice</span> <span class='ocrx_word' id='word_1_385' title='bbox 888 4267 1060 4321; x_wconf 73' lang='lat' dir='ltr'>incunabulis</span> <span class='ocrx_word' id='word_1_386' title='bbox 1084 4283 1105 4323; x_wconf 85' lang='lat' dir='ltr'>s.</span> <span class='ocrx_word' id='word_1_387' title='bbox 1124 4268 1140 4321; x_wconf 86' lang='lat' dir='ltr'>l.</span> <span class='ocrx_word' id='word_1_388' title='bbox 1163 4274 1189 4322; x_wconf 87' lang='lat' dir='ltr'>et</span> <span class='ocrx_word' id='word_1_389' title='bbox 1210 4285 1235 4321; x_wconf 85' lang='lat' dir='ltr'>a</span> <span class='ocrx_word' id='word_1_390' title='bbox 1259 4268 1401 4333; x_wconf 76' lang='lat' dir='ltr'>impresso,</span> 
     </span>
     <span class='ocr_line' id='line_1_46' title="bbox 278 4335 1401 4404; baseline 0 -16"><span class='ocrx_word' id='word_1_391' title='bbox 278 4336 374 4388; x_wconf 73' lang='lat' dir='ltr'>derum</span> <span class='ocrx_word' id='word_1_392' title='bbox 395 4337 500 4404; x_wconf 78' lang='lat' dir='ltr'>publici</span> <span class='ocrx_word' id='word_1_393' title='bbox 521 4337 592 4391; x_wconf 77' lang='lat' dir='ltr'>iwrio</span> <span class='ocrx_word' id='word_1_394' title='bbox 610 4335 680 4403; x_wconf 73' lang='lat' dir='ltr'>fec-it</span> <span class='ocrx_word' id='word_1_395' title='bbox 695 4337 890 4404; x_wconf 78' lang='lat' dir='ltr'>Lappeaberp,</span> <span class='ocrx_word' id='word_1_396' title='bbox 915 4336 1056 4390; x_wconf 77' lang='lat' dir='ltr'>‘Zeitscba</span> <span class='ocrx_word' id='word_1_397' title='bbox 1068 4335 1094 4403; x_wconf 90' lang='lat' dir='ltr'>f.</span> <span class='ocrx_word' id='word_1_398' title='bbox 1113 4337 1213 4390; x_wconf 83' lang='lat' dir='ltr'>Hamb.</span> <span class='ocrx_word' id='word_1_399' title='bbox 1233 4335 1338 4390; x_wconf 72' lang='lat' dir='ltr'>Garat!</span> <span class='ocrx_word' id='word_1_400' title='bbox 1357 4336 1401 4400; x_wconf 89' lang='grc' dir='ltr'>ΙΙ,</span> 
     </span>
     <span class='ocr_line' id='line_1_47' title="bbox 277 4403 1401 4473; baseline 0.001 -16"><span class='ocrx_word' id='word_1_401' title='bbox 277 4418 305 4470; x_wconf 80' lang='lat' dir='ltr'>p.</span> <span class='ocrx_word' id='word_1_402' title='bbox 315 4406 329 4457; x_wconf 92' lang='lat'>1</span> <span class='ocrx_word' id='word_1_403' title='bbox 340 4420 394 4473; x_wconf 79' lang='lat' dir='ltr'>sqq.</span> <span class='ocrx_word' id='word_1_404' title='bbox 422 4405 526 4458; x_wconf 75' lang='lat' dir='ltr'>Ibidem</span> <span class='ocrx_word' id='word_1_405' title='bbox 535 4406 577 4468; x_wconf 90' lang='lat' dir='ltr'>II,</span> <span class='ocrx_word' id='word_1_406' title='bbox 586 4421 617 4472; x_wconf 79' lang='lat' dir='ltr'>p.</span> <span class='ocrx_word' id='word_1_407' title='bbox 626 4407 685 4460; x_wconf 87' lang='lat'>641.</span> <span class='ocrx_word' id='word_1_408' title='bbox 699 4406 732 4458; x_wconf 82' lang='lat' dir='ltr'>de</span> <span class='ocrx_word' id='word_1_409' title='bbox 744 4404 834 4458; x_wconf 80' lang='lat' dir='ltr'>codice</span> <span class='ocrx_word' id='word_1_410' title='bbox 846 4405 949 4460; x_wconf 76' lang='lat' dir='ltr'>monuit</span> <span class='ocrx_word' id='word_1_411' title='bbox 957 4405 1095 4472; x_wconf 76' lang='lat' dir='ltr'>Prcpeasc&#39;</span> <span class='ocrx_word' id='word_1_412' title='bbox 1107 4403 1217 4471; x_wconf 72' lang='lat' dir='ltr'>l‘Arclr!</span> <span class='ocrx_word' id='word_1_413' title='bbox 1226 4405 1281 4471; x_wconf 87' lang='lat' dir='ltr'>IX,</span> <span class='ocrx_word' id='word_1_414' title='bbox 1293 4419 1322 4471; x_wconf 79' lang='lat' dir='ltr'>p.</span> <span class='ocrx_word' id='word_1_415' title='bbox 1331 4403 1401 4468; x_wconf 86' lang='lat'>470).</span> 
     </span>
    </p>
   </div>
   <div class='ocr_carea' id='block_1_5' title="bbox 0 0 1582 5016">
    <p class='ocr_par' dir='ltr' id='par_1_5' title="bbox 0 0 1582 5016">
     <span class='ocr_line' id='line_1_48' title="bbox 0 0 1582 5016; baseline 0 1"><span class='ocrx_word' id='word_1_416' title='bbox 0 0 1582 5016; x_wconf 95' lang='lat' dir='ltr'> </span> 
     </span>
    </p>
   </div>
  </div>
 </body>
</html>
